2266 3406
415 669 678 733 cannino

184 824 330 919 lli
416 823 447 917 C
531 824 562 918 Τ
651 821 680 916 0
766 824 803 917 R
887 827 904 919 l

479 1007 503 1053 S.
530 1009 556 1054 P.
583 1007 614 1051 D.

340 1129 570 1181 Luuovrcus
604 1128 749 1182 Mutua.

461 1293 629 1305 ———-

125 1437 382 1511 Mathematicomm
395 1461 423 1511 in
436 1461 551 1512 scientiis
564 1460 747 1525 investigandis
761 1473 790 1511 ac
808 1459 937 1512 tradendis
955 1474 1011 1511 me-

75 1535 199 1598 thodum,
227 1549 279 1602 qua
297 1551 390 1604 nempe
408 1552 437 1588 ex
455 1535 719 1599 definitionibus,
738 1537 916 1604 postulatis
933 1543 1010 1602 atque

75 1611 243 1664 axiomatis
261 1613 488 1665 conclusiones
507 1613 728 1675 demonstrantur,
751 1613 875 1679 optimam
890 1627 947 1664 esse
966 1620 1010 1664 tu-

75 1689 254 1753 tissimamque
263 1689 375 1740 veritatis
384 1689 542 1754 indagandae
550 1695 626 1754 atque
638 1688 768 1740 docendae
782 1690 861 1752 viam,
882 1691 1008 1751 omnium,

75 1765 120 1830 qui
129 1764 308 1831 snpravulgus
317 1767 516 1832 saperevolunt,
535 1766 665 1816 unanimis
679 1772 718 1816 est
731 1767 866 1816 sententia.
902 1765 936 1817 Et
949 1766 1010 1831 qui-

75 1840 135 1892 dem
150 1842 206 1893 iure
219 1841 320 1892 merito.
357 1843 460 1894 Etenim
471 1857 552 1907 quum
561 1842 646 1893 omnis
655 1842 691 1893 rci
700 1842 801 1906 ignotae
811 1848 879 1893 certa
891 1855 922 1893 ac
936 1840 1010 1892 firma

75 1918 187 1983 cognitio
201 1932 254 1969 non
268 1917 318 1968 nisi
333 1932 362 1969 ex
375 1926 443 1970 certo
459 1919 631 1984 praecognitis
647 1917 742 1969 hauriri
756 1933 786 1969 ao
800 1917 907 1970 derivari
921 1924 1007 1983 queat,

73 1993 134 2045 haec
144 1994 290 2046 necessario
300 1992 332 2045 ah
341 1994 394 2046 imo
403 1993 585 2062 praestmenda
599 2000 686 2056 erunt,
706 2001 828 2060 tanquam
842 1993 933 2045 stabile
947 1992 1009 2045 iun-

72 2069 236 2132 damentum,
257 2069 487 2137 cuipostmodum,
506 2084 539 2121 ne
549 2077 640 2137 sponte
650 2069 768 2122 subsidat
776 2077 821 2121 aut
834 2070 942 2121 minimo
956 2070 1008 2121 ina-

71 2152 133 2213 petu
150 2160 257 2213 pessum
276 2152 329 2208 eat,
348 2153 431 2198 totum
446 2147 598 2212 cognitionis
611 2146 737 2197 humanae
752 2145 898 2198 aediticium
915 2160 1008 2214 super-

73 2223 229 2289 imponatur.
266 2222 346 2274 istius
368 2229 454 2275 autem
479 2228 553 2275 notae
577 2237 634 2274 esso
656 2237 722 2288 quae
744 2224 842 2291 passim
862 2221 1008 2275 matheseos

71 2297 215 2351 cultoribus
229 2298 334 2350 nomine
347 2298 540 2362 definitionum,
559 2299 746 2367 postulatorum
764 2307 840 2364 atque
853 2300 1007 2351 axiomatum

70 2374 155 2427 venire
165 2374 264 2437 solent,
283 2375 381 2427 nemini
391 2375 500 2427 dubium
510 2390 566 2426 esse
580 2377 674 2443 poterit
688 2377 732 2441 qui
745 2374 859 2427 nobilem
874 2377 950 2428 istam
964 2376 1007 2427 di-

70 2450 207 2518 sciplinam
224 2465 240 2502 a
256 2451 346 2503 limine
367 2457 468 2503 tantum
491 2451 646 2503 salutaverit.
688 2451 908 2504 Definitioncs
936 2453 1006 2504 enim

69 2525 134 2578 nihil
148 2526 219 2579 aliud
232 2534 294 2579 sunt
307 2542 385 2594 quam
398 2528 566 2579 terminorum
580 2534 657 2594 atquc
674 2529 826 2593 nominum,
850 2529 946 2595 quihus
963 2543 1005 2581 res

69 2603 213 2656 hactandae
224 2603 406 2668 designantur,
423 2605 598 2672 apertissimae
612 2604 800 2671 explicationes.
837 2606 1006 2658 Postulata

67 2686 194 2732 tutemet
209 2680 365 2732 axiomata
381 2695 429 2733 seu
447 2694 598 2733 communes
615 2681 695 2733 animi
713 2683 831 2733 notiones
845 2681 909 2734 adeo
923 2682 1005 2732 clarae

66 2762 144 2822 atque
157 2757 309 2824 perspicuae
321 2763 383 2808 sunt
396 2758 598 2821 enuntiationes,
617 2763 647 2808 ut
659 2757 692 2808 iis
707 2772 810 2820 omnes,
830 2759 875 2823 qari
889 2758 945 2826 ipsa
958 2771 1005 2808 vo-

66 2831 159 2899 oahula
173 2832 337 2885 solummodo
356 2839 425 2886 recte
440 2834 620 2896 intellexerint,
639 2846 776 2884 assensum
794 2848 886 2901 negare
903 2845 1003 2898 nequa-

42 2910 264 2977 ·quampossint.
892 2931 897 2939 -

72 3040 75 3047 ,
117 2985 345 3039 verumenimvero
362 2985 479 3052 quamvis
492 2985 556 3037 hacc
568 2985 603 3036 ita
616 2998 645 3036 se
662 2983 788 3050 habeant,
805 2983 891 3038 nullas
904 2988 1004 3044 tamen,

63 3062 86 3114 ri
94 3061 287 3114 mathematicas
295 3061 419 3130 excipias,
437 3062 493 3118 sere
503 3062 660 3136 disciplinas
670 3079 704 3120 ea
713 3061 844 3119 methodo
856 3060 1024 3128 conscriptas

820 3149 856 3204 υ
