2266 3406
141 185 183 244 36
288 185 519 234 contemnente
540 184 771 233 Pnuosovfflon
789 185 921 234 GARTES.

140 369 194 416 imo
203 376 358 432 supportata,
377 359 668 411 muntiuaaeaats'e
676 348 883 428 memtiposse,
902 367 1072 430 utperseest

140 442 319 506 maaq'scstum.
354 435 424 486 Idem
433 437 514 486 ctiam
522 435 593 485 ctare
601 436 732 501 explicari
736 439 951 506 potesteaempto
962 440 1069 507 effigiet,

138 522 207 586 puio
216 514 473 579 aticaimpriaeipa.
508 510 607 564 Namst
615 512 651 562 ad
658 514 740 577 ipsiias
752 515 903 565 materiatio
917 518 1019 568 tantum
1031 523 1072 569 at-

141 592 286 655 tentamus,
305 588 405 640 rentiam
413 588 629 654 inaequalitatem
637 590 707 639 meter
714 590 799 655 ipsam
807 595 834 640 et
843 591 911 642 alias
920 593 1072 658 effigiem-

136 670 283 736 perieram,
303 680 371 731 qum
387 678 434 715 nos
447 669 528 730 cogat
539 665 655 716 diuersas
668 680 761 715 causas
774 681 915 731 quaerere:
940 670 994 720 imo
1005 670 1073 720 mittit

141 744 268 806 obstabit,
288 743 353 808 quin
361 743 492 808 possimus
504 743 636 805 cogitare,
656 741 730 791 ittam
743 758 778 792 eu
791 742 846 792 alia
859 745 977 809 imagine
982 745 1071 811 flauo

142 819 288 886 depictum
306 819 419 868 eiistam
427 817 639 878 mraaeualia,
660 819 919 884 etsicininfinitam.
953 820 1025 873 Nam
1038 822 1073 872 ad

143 898 200 946 eim
212 894 402 944 detincamenta
414 893 514 944 nuttam
527 893 609 943 otiam
621 907 728 944 causam
740 897 842 961 requiri
853 898 919 946 satis
937 896 1072 964 dignosce·

141 983 209 1022 mm.
245 968 419 1022 Vorumsiad
424 973 576 1035 imaginem,
595 975 723 1034 quatenus
731 972 820 1036 imago
829 976 877 1034 est,
897 975 1070 1034 attmdamus,

142 1050 232 1098 statim
246 1060 353 1098 cumam
361 1049 478 1113 priam
490 1061 615 1112 cogemur
629 1061 768 1111 quaerere,
787 1063 855 1113 quae
861 1048 1020 1112 formaliter
1033 1051 1074 1102 cet

143 1126 285 1174 eraineater
300 1125 434 1174 contiueat
443 1122 475 1173 iet
485 1122 557 1188 quei
563 1121 611 1173 itta
620 1124 710 1186 imago
718 1127 938 1190 repraesentativa
947 1129 1071 1177 continet.

142 1197 199 1251 Nec
207 1201 298 1262 uideo,
317 1199 383 1265 quid
390 1198 427 1249 ad
437 1198 642 1266 cmqfimnaudum
656 1201 684 1250 et
695 1198 890 1252 dilucidandum
903 1202 952 1252 hoc
965 1205 1073 1254 auiam

143 1276 255 1327 ulterius
263 1276 435 1326 dominetur.

195 1353 230 1404 X.
248 1353 306 1403 Non
315 1352 400 1402 minor
409 1364 485 1403 causa
497 1351 638 1417 requietae
650 1348 683 1402 ad
695 1364 750 1404 rem
763 1352 975 1415 conservandam,
996 1368 1074 1420 quem

144 1427 176 1481 ad
185 1429 269 1496 ipsam
276 1429 390 1495 primum
399 1426 599 1494 producendam.
614 1428 639 1491 ¹)

195 1507 293 1568 liaeo,
313 1504 384 1570 quoi
398 1505 445 1555 noc
460 1510 575 1571 tempore
588 1506 746 1568 cogitamus,
766 1520 818 1556 noa
829 1509 977 1557 necessario
989 1511 1075 1574 sequi·

144 1589 202 1645 tur,
220 1595 268 1632 nos
273 1585 366 1647 pastea
375 1582 549 1644 cogitaturos.
585 1579 814 1648 Namconceptus,
834 1588 1074 1646 quemnostraeco-

143 1660 284 1724 gitationis
301 1658 437 1719 tacemus,
456 1671 508 1706 non
521 1654 631 1707 inuoluit
641 1659 695 1708 siue
708 1673 760 1708 uon
773 1659 889 1708 continet
900 1663 1074 1711 accusantum

144 1735 314 1799 cogitationis
327 1735 509 1795 existentiam
528 1748 635 1799 possum
647 1735 716 1783 caim
734 1735 937 1800 cogitationem,
957 1738 1075 1801 qmamon's

143 1824 287 1877 supponam
296 1811 543 1870 eamnoneuistcre,
552 1809 622 1859 ctare
632 1808 784 1860 etdn'stincte
792 1812 936 1876 concipcm.
944 1810 971 1876 ²)
990 1810 1075 1876 Quum

148 1891 236 1938 autem
244 1887 448 1952 uniuscuiusque
457 1899 552 1935 causae
561 1891 658 1936 natura
667 1884 830 1936 detectinse
840 1888 972 1937 continere
981 1891 1076 1939 aestin-

144 1963 246 2014 ootaere
251 1960 443 2029 perfectionem
452 1962 495 2011 sui
503 1960 609 2026 effecius
624 1960 689 2029 (per
697 1977 743 2013 aa.
754 1961 812 2027 8.).·
831 1964 891 2013 iiiuc
905 1962 977 2014 clarc
989 1968 1076 2030 seqni-

145 2045 203 2103 tur,
223 2038 362 2105 aliquisita
370 2039 444 2088 nobis
453 2043 501 2088 aut
509 2042 587 2088 caira
599 2052 659 2100 nos,
679 2038 749 2104 qnod
760 2038 873 2089 nondum
886 2038 1074 2100 intelteccimm,

145 2116 230 2167 adhuc
238 2117 385 2166 necessario
395 2112 467 2178 dari,
488 2116 562 2166 caius
570 2119 708 2182 conceptus
716 2117 770 2172 siae
782 2121 880 2165 natura
893 2115 1075 2167 inuoluateai·

144 2195 281 2254 steatiam,
299 2191 419 2257 quodque
431 2193 467 2240 sit
480 2204 573 2254 causa,
593 2206 641 2240 cur
657 2195 748 2242 nostra
765 2194 894 2256 cogitatio
907 2194 1008 2258 incepit
1019 2196 1076 2243 esci-

88 2282 90 2286 ·
145 2273 213 2318 stare
217 2305 226 2332 ,
246 2269 362 2318 etetiam
374 2271 405 2316 ut
417 2270 531 2317 enistere
540 2271 649 2332 pergat.
673 2266 754 2318 Nam
767 2269 885 2332 quamuis
898 2272 991 2318 naseu
1004 2273 1077 2334 cogi-

145 2347 213 2394 tatio
221 2345 321 2409 incepit
333 2344 460 2406 euistere,
479 2358 531 2393 noa
542 2342 601 2393 ideo
616 2345 672 2393 cius
684 2348 782 2394 natura
795 2348 823 2394 ct
836 2345 948 2394 essentia
960 2358 1077 2396 accessa-

145 2422 215 2468 riam
231 2420 399 2469 eecistmtiam
419 2421 506 2483 magis
527 2419 649 2481 inuoluit,
676 2434 756 2484 quam
777 2425 917 2486 antequam
939 2422 1074 2482 animaret,

145 2494 256 2560 ideoque
265 2493 355 2544 eadem
364 2496 391 2544 ui
401 2500 474 2560 eget,
493 2497 560 2545 utin
569 2495 703 2545 enittendo
709 2501 872 2562 perseveret,
890 2510 943 2561 qua
954 2501 1028 2561 eget,
1047 2502 1080 2546 ut

146 2573 259 2621 asistere
272 2572 393 2636 incipiat.
428 2572 468 2621 Et
478 2572 526 2621 toa
542 2571 613 2637 quod
625 2570 657 2621 de
670 2573 831 2638 cogitatione
848 2571 971 2636 dicimus,
991 2571 1079 2623 diom-

146 2648 208 2698 ‹tum
220 2650 301 2697 etiam
313 2645 345 2696 tte
359 2649 430 2698 omni
441 2662 484 2712 re,
504 2649 580 2699 cuius
592 2651 704 2700 essentia
716 2662 768 2699 non
780 2647 891 2699 inuoluit
902 2650 1079 2699 necessariam

198 2795 246 2849 xl.
263 2795 390 2849 Nullares
399 2799 498 2862 existit,
515 2799 547 2851 de
556 2810 608 2866 que
620 2812 672 2852 non
686 2801 770 2866 possit
783 2801 884 2867 quaeri,
905 2811 1032 2868 quaenam
1045 2803 1080 2854 sit

148 2886 224 2927 causa
234 2873 298 2941 (sive
306 2874 382 2940 mio)
392 2889 438 2927 cur
447 2876 545 2929 existet.
558 2877 584 2941 ³)

185 3009 210 3060 1)
229 3008 331 3055 Cercetii
340 3011 465 3059 oxioms2

177 3066 202 3118 ²)
220 3066 276 3116 Hoc
285 3073 458 3133 unusquisque
468 3074 495 3121 tn
507 3086 545 3130 se,
566 3077 688 3132 quatenus
697 3065 916 3120 esesesesiims
932 3065 1056 3117 *mim*-

169 3126 197 3176 o)
218 3129 276 3177 vtis
286 3131 395 3183 Cariati
404 3137 510 3185 extem
517 3140 539 3183 1.
