2266 3406
494 203 574 247 PARS
593 204 612 246 1.

133 342 204 429 linea
213 373 321 442 praelati
332 389 385 426 rem
394 377 476 443 ipsam
486 389 556 426 nune
565 373 734 442 aggredimur.

386 485 715 549 DEFINITIONES.

133 608 155 656 1.
177 605 393 669 Cogitationis
410 605 516 656 nomine
530 602 686 671 complector
699 617 775 654 omne
789 601 816 653 id
829 602 900 668 qnod
909 603 935 653 in
946 602 1020 655 nobis

80 689 134 744 est,
154 688 181 732 et
190 681 266 731 enias
273 678 421 732 immediate
431 679 527 732 conscii
536 692 636 730 somus.

134 760 178 810 lta
187 772 274 808 omnes
287 757 444 822 voluntatis,
464 755 625 818 intellectus,
645 757 847 821 imaginationis
861 761 888 806 et
899 771 1019 807 comeam

81 837 322 901 operationeeeant
330 836 514 898 cogitationes.
549 831 603 883 Sed
610 831 703 882 addidi
715 869 723 894 ‚
727 831 900 895 ‚immediate‘
904 835 912 862 ‘
926 833 962 883 ad
974 849 1019 883 aa·

79 910 210 981 elicienda
222 926 330 976 eaquae
340 911 417 960 entis
430 913 635 975 consequente,
656 912 688 958 at
699 911 786 958 mairie
798 908 964 960 voluntariae
977 924 1019 960 co-

77 988 241 1052 gitationem
254 986 360 1053 quidem
368 1000 421 1053 pro
429 988 563 1052 principio
577 985 669 1046 habet,
688 982 736 1034 sed
746 985 801 1050 ipre
813 988 902 1037 tamea
915 1001 967 1036 non
980 991 1018 1035 eet

79 1065 224 1129 cogitatio.

132 1141 170 1190 11.
190 1137 284 1189 ideae
301 1138 406 1189 nomine
415 1138 530 1204 intelligo
539 1135 678 1188 cuiuslibet
687 1136 849 1202 cogitationis
862 1135 971 1188 formam
985 1136 1017 1187 il-

79 1216 147 1277 lam,
168 1214 299 1282 peronius
308 1213 482 1266 immediatam
490 1213 680 1282 perceptionem
694 1213 777 1280 ipsius
792 1211 908 1264 eiusdem
924 1214 1020 1278 cogitn-

80 1292 161 1342 tionis
171 1291 370 1343 conseinssnm.

130 1367 205 1418 Adeo
222 1372 255 1418 at
271 1367 339 1417 nihil
350 1371 451 1434 poesim
463 1368 550 1417 aerbe'e
564 1368 711 1433 exprimere
725 1364 896 1430 intelligendo
910 1366 941 1418 id
951 1369 1022 1433 qaod

79 1443 156 1505 dico,
174 1446 239 1509 quin
253 1459 289 1494 ea·
301 1444 350 1494 ltoc
362 1446 419 1510 ipso
433 1448 534 1494 ecetram
546 1445 584 1493 eii
595 1446 624 1492 in
636 1457 677 1494 me
691 1458 745 1492 esee
759 1441 847 1513 ideam
861 1445 931 1505 aiae,
951 1445 1022 1508 qaod

80 1521 169 1569 aei-lim
177 1519 233 1570 illis
241 1520 420 1586 significatur.
455 1519 541 1586 Atque
551 1522 590 1569 ita
603 1533 654 1568 non
666 1519 737 1570 eolat
749 1521 880 1583 imagines
893 1522 922 1568 in
930 1521 1019 1586 pian-

78 1599 152 1646 taee'a
160 1596 279 1662 depictas
293 1595 367 1646 ideas
380 1611 457 1660 oceo,
477 1597 531 1646 imo
544 1597 615 1662 ipsas
628 1595 670 1646 tia
682 1594 755 1646 nullo
768 1592 845 1645 modo
858 1610 921 1646 voco
936 1595 1016 1655 ideas,

79 1677 212 1737 anatome
228 1677 289 1722 iamt
301 1676 329 1722 in
342 1673 487 1739 phantasia
500 1686 639 1739 corporea,
660 1672 768 1736 ltoceet,
788 1673 909 1737 inparia
929 1671 1020 1737 aliqua

80 1749 185 1799 cerebri
203 1747 338 1815 depictam
356 1747 403 1799 aad
415 1753 518 1799 tantam
536 1751 664 1813 quotenne
680 1751 792 1798 mentem
804 1749 889 1814 ipsam
903 1751 932 1798 in
946 1747 1020 1798 illam

79 1824 295 1890 aereiiipariem
305 1839 455 1876 emonensem
464 1825 620 1890 informant.

133 1901 184 1950 111.
207 1900 257 1951 Per
274 1900 457 1952 realitatem
476 1899 668 1951 obiectivam
686 1899 776 1951 ideae
793 1899 908 1966 intelligo
924 1901 1017 1951 entita—

79 1984 132 2028 tem
142 1977 180 2026 rei
192 1984 393 2043 repraesentatae
403 1991 449 2043 per
457 1975 556 2037 ideam,
576 1981 704 2040 quatenus
713 1976 787 2028 estin
797 1975 862 2027 idea.

131 2050 369 2118 Eodemqnemodo
379 2052 434 2103 diei
442 2057 532 2119 potest
542 2052 709 2118 perfectio
727 2053 895 2103 obieetiva
913 2051 955 2101 ael
972 2067 1018 2101 ar-

79 2129 229 2193 tificium
256 2131 455 2180 abiectiorem
480 2133 530 2179 etc.
574 2126 645 2178 Nom
662 2142 840 2194 qaaecumque
852 2129 1014 2194 percipimus

78 2205 373 2281 tanquaminideamem
383 2207 503 2268 obiectae,
524 2208 661 2255 cosantia
670 2207 734 2272 ipris
743 2205 810 2255 ideis
819 2204 955 2254 obiectioe.

130 2282 176 2331 IV.
200 2280 298 2332 Eadem
311 2282 432 2334 dicuntur
446 2295 502 2333 esse
520 2279 701 2333 formaliter
718 2281 745 2331 in
763 2280 879 2332 idearum
899 2277 1015 2341 obiectis,

79 2356 184 2422 qnando
194 2357 255 2409 talia
263 2365 325 2409 sunt
333 2359 360 2409 in
369 2359 443 2425 ipsis,
455 2356 541 2422 qualia
549 2354 593 2408 illa
602 2358 773 2424 percipimns;
788 2363 814 2408 et
828 2355 1014 2418 eminenter,

78 2433 184 2499 qnando
197 2448 250 2485 non
264 2434 369 2500 quidem
381 2434 442 2487 talia
453 2440 529 2495 sunt,
548 2433 690 2496 sentenia,
710 2439 739 2484 ut
753 2432 843 2484 talium
857 2432 938 2484 ricem
952 2445 1017 2499 sup-

78 2509 149 2575 plere
157 2509 269 2576 possint.

130 2584 217 2650 Nota,
237 2601 297 2637 cum
306 2586 365 2638 dico
379 2602 487 2638 caueam
499 2624 519 2652 „
528 2587 698 2638 eminenter“
706 2584 884 2652 perfectiones
897 2589 940 2636 mi
953 2585 1018 2652 effe·

76 2667 137 2712 etan
145 2665 292 2728 amitinere,
305 2668 409 2714 lemme
418 2665 571 2730 significare
580 2659 658 2728 aelle,
675 2660 746 2728 qaod
753 2678 834 2713 cauea
839 2663 1017 2730 perfectiones

76 2738 187 2804 effectae
205 2738 388 2801 eccellentiae,
407 2755 488 2805 qaam
502 2743 557 2806 ipse
576 2740 684 2806 effectae
698 2741 822 2790 carminat.
859 2737 925 2790 Vide
936 2741 1016 2789 etiam

46 2861 49 2866 .
76 2817 187 2867 aciem
196 2815 222 2866 8.

128 2892 161 2940 V.
181 2891 274 2942 Omnis
283 2905 339 2951 ree,
358 2893 400 2943 eui
408 2893 476 2944 inest
488 2890 649 2952 immediate,
668 2891 737 2941 utin
751 2889 882 2952 subiecto,
903 2891 956 2941 sive
971 2901 1017 2953 per

76 2981 157 3034 qnam
165 2967 250 3023 existit
258 2966 357 3033 aliquid
366 2966 436 3032 qnod
444 2967 615 3034 percipimus,
635 2966 684 3017 hoo
702 2971 755 3026 est,
773 2965 861 3030 alique
873 2965 1015 3032 proprietas

76 3044 129 3096 sive
139 3042 251 3109 qualitas
260 3044 312 3094 sive
322 3040 489 3107 attributum,
509 3043 584 3094 cuius
594 3041 669 3093 realis
679 3041 736 3093 idea
745 3041 772 3091 ln
782 3041 857 3091 nohis
868 3046 922 3100 est,
940 3051 1017 3090 voea-

75 3126 119 3168 tnr
133 3119 326 3171 substantia.
