2266 3406
493 180 575 227 rens
592 179 613 225 1.
979 181 1017 238 31

136 354 301 418 Notottdttnt,
312 354 376 405 tace
384 356 523 406 moneta
530 355 599 405 nihil
606 355 638 405 de
646 355 724 405 rebus
734 359 812 406 entra
821 369 868 407 nos
877 357 1019 422 offirmare,

83 433 132 486 sed
138 438 243 484 tantum
252 447 298 496 ea,
319 445 386 496 quae
395 432 424 480 io
435 433 510 481 notio
524 437 652 498 quotenos
665 446 754 482 eumue
766 447 809 483 ree
821 435 968 498 cogitantes
981 449 1022 482 re·

79 512 210 579 pommus.

367 659 739 725 PROPOSITIONES.

83 778 264 844 PROPOS.
290 779 313 843 Ι.
356 779 406 840 De
431 778 511 840 nulla
536 798 569 838 re
595 798 761 858 possumus
785 781 925 843 absolute
951 799 1023 841 esse

228 873 321 967 certi.
331 892 418 953 quam
437 872 487 932 diu
503 871 655 932 nescimus
672 892 728 933 nos
745 874 883 937 existere.

135 993 306 1044 Demonnes-
341 988 486 1056 Propositio
495 987 558 1040 heco
569 1003 616 1056 per
628 1001 657 1040 se
669 994 753 1056 peteo
771 1004 832 1042 num
845 991 891 1056 qui
903 991 1020 1043 absolute

84 1068 206 1120 nescitus
216 1081 282 1129 esse,
301 1065 381 1117 simul
389 1064 471 1116 nescit
479 1079 507 1116 se
516 1080 573 1117 esse
582 1065 749 1118 adimentem
758 1073 804 1118 eut
811 1075 957 1134 nogentem,
972 1068 1021 1120 hoo

85 1151 139 1207 est,
160 1142 401 1196 certoseefflrmere
411 1148 456 1193 eut
464 1155 566 1206 negare.

134 1219 290 1272 Notandum
299 1224 388 1270 eutem
396 1220 452 1281 iric,
473 1218 556 1284 quod,
575 1221 696 1284 quamuis
708 1219 793 1270 muita
804 1234 904 1286 mogun
915 1225 1023 1272 certitu·

85 1296 146 1348 otte
155 1298 317 1363 nfflnnemur
329 1299 356 1345 et
368 1309 506 1360 negemus,
525 1294 562 1345 ad
573 1296 622 1346 ltoc
636 1295 707 1360 quod
718 1299 862 1347 occisionem
874 1311 926 1347 non
940 1302 1024 1348 otten-

86 1373 190 1435 met,
210 1376 312 1435 tomen,
331 1371 600 1438 nieiprot'odubitato
614 1373 663 1423 icoc
671 1377 915 1440 proempponotrtm
936 1376 1023 1425 omnio

86 1449 483 1515 mdottumreeoeartpooent.

109 1564 291 1631 PROPOS.
305 1565 342 1631 11.
384 1566 459 1648 Ego
477 1587 551 1628 sum
569 1568 660 1629 debet
677 1587 749 1629 esse
766 1588 817 1651 per
834 1588 871 1630 se
889 1575 995 1630 notum.

135 1686 305 1738 nunonem.
342 1685 371 1737 Si
382 1698 475 1751 neges,
499 1699 552 1736 non
570 1700 629 1751 ergo
647 1686 791 1739 innotescet
807 1686 859 1738 nisi
878 1700 924 1754 per
940 1684 1020 1746 eliud,

87 1763 163 1814 cuius
173 1761 281 1829 quidem
295 1763 353 1828 [per
361 1775 399 1813 or.
411 1761 449 1827 1.)
465 1762 575 1828 cognitio
586 1770 612 1813 et
624 1763 749 1814 certitudo
762 1763 832 1830 prior
846 1762 893 1814 crit
905 1763 933 1814 in
946 1761 1022 1813 nobis

88 1839 281 1892 hocenuntieto
294 1841 469 1903 ,‚egoeum“.
496 1837 577 1902 Atqui
587 1838 635 1890 hoc
645 1839 833 1892 cstnhsurdum
842 1839 1020 1908 (perpetes.);

86 1912 504 1984 ergopersedebetessenotum
524 1913 903 1980 quoderutdemonstrendum.

84 2032 265 2097 PBOPOS.
289 2033 341 2098 ΙΙΙ.
383 2032 458 2114 Ego
486 2040 632 2113 quatenus
657 2056 708 2097 res
734 2041 874 2098 constans
901 2053 1024 2114 corpore

191 2148 268 2190 sum
285 2149 342 2189 non
359 2133 409 2188 est
424 2127 547 2207 primum
564 2147 622 2187 nco
637 2148 692 2208 per
708 2148 745 2189 se
762 2128 916 2207 cognitum

137 2246 308 2298 Dnuousrn.
344 2243 477 2308 Quaedam
486 2250 548 2296 sunt
557 2257 622 2309 quoe
631 2259 680 2296 nos
689 2245 720 2297 do
730 2245 861 2298 existentia
869 2244 951 2296 nostri
965 2258 1023 2297 cor-

84 2322 156 2390 poris
165 2321 284 2373 dubitare
293 2321 390 2373 iaciunt
404 2323 461 2388 (per
469 2335 507 2372 ex.
520 2321 574 2386 2.);
594 2335 652 2388 ergo
666 2324 769 2388 (perer.
783 2321 820 2386 1.)
835 2322 861 2372 in
876 2321 933 2372 eius
946 2322 1023 2372 certi·

85 2397 205 2449 tudinem
218 2412 271 2449 non
284 2399 477 2466 perveniemus,
497 2397 547 2448 uisi
560 2412 606 2464 per
619 2399 791 2463 cognitionem
805 2403 830 2448 et
844 2397 1023 2450 certitudinem

85 2472 192 2526 elterim
206 2473 259 2535 rel,
278 2487 344 2538 quae
357 2474 413 2542 ipso
425 2474 496 2540 prior
509 2480 549 2525 est
562 2474 707 2540 cognitione
722 2480 748 2525 et
760 2473 920 2526 certitudine.
956 2473 1024 2540 Ergo

84 2548 148 2602 iuec
163 2548 321 2602 enuntiuio:
340 2565 390 2616 ego
404 2556 532 2615 quotenus
546 2563 587 2602 res
601 2557 722 2602 constans
735 2563 840 2619 corpore
851 2566 910 2602 eum
923 2556 1024 2602 nonest

86 2626 200 2695 primum
209 2639 258 2677 nec
266 2639 349 2693 perse
359 2627 504 2692 cognitum
523 2640 549 2692 q.
561 2640 585 2678 e.
596 2624 622 2678 d.

86 2743 268 2809 PROPOS.
279 2743 332 2805 IV.
367 2744 442 2826 Ego
460 2767 535 2808 sum
551 2767 610 2807 non
628 2751 730 2827 potest
747 2765 819 2807 esse
836 2746 959 2827 primum
974 2765 1024 2806 co·

274 2838 399 2919 gnitum,
422 2840 478 2900 nisi
495 2845 642 2921 quatenus
660 2839 835 2920 cogitemus.

135 2957 302 3008 neironem.
337 2956 397 3008 Hoc
414 2959 581 3012 enuntietum
610 2972 688 3027 „ego
711 2970 827 3011 semem
842 2968 974 3022 corporeo
986 2957 1037 3002 oxu

76 3035 198 3081 mm
210 3037 349 3098 ‘'mm“
366 3049 421 3088 con
438 3045 478 3092 est
492 3038 614 3108 primum
627 3038 772 3109 cognitum
789 3038 849 3105 iuer
866 3026 991 3100 uenosi„
1003 3037 1061 3074 m

63 3101 249 3158 eumdem
259 3109 410 3183 existentia,
429 3126 572 3189 quotenus
583 3125 684 3176 consto
693 3103 1085 3187 utureuuemmeuumx
