2266 3406
155 200 196 258 20
462 203 653 249 arrnnnmts
673 202 782 248 innox.

168 381 189 420 t.
216 380 350 423 decidentia
360 383 383 420 et
391 378 473 420 modos
482 387 528 419 non
539 377 620 420 oreari.
925 420 928 424 ⁴

168 441 188 480 5,
217 437 310 482 Nullum
322 437 395 480 luisse
405 440 497 490 tempus
507 440 547 478 aut
556 433 702 478 durationem
713 439 768 477 anto
776 435 924 478 creationem.

166 499 187 539 fi.
214 497 319 541 Eandem
330 506 381 539 esse
391 494 434 538 Dei
443 494 603 549 operationem
617 493 697 536 mundi
712 491 819 548 creandi,
838 503 907 546 quam
923 495 1086 538 conservandi

168 559 188 598 t.
216 554 487 610 Quaenamsiotoreata.

166 618 186 655 8.
215 613 336 668 Quomodo
346 613 389 658 Dei
399 613 531 668 cogitatioa
541 618 620 657 nostra
630 610 729 655 differat.

166 675 186 714 tt.
213 673 264 716 Non
275 684 325 716 esse
335 671 391 727 quid
401 679 464 717 extra
474 672 549 716 Deum
558 671 608 715 Deo
618 677 776 715 coaeteruum.

153 737 186 775 tu.
214 732 275 788 Quid
285 731 322 775 hio
331 731 428 776 uocibus
447 731 482 776 ah
500 738 620 775 aeterno
638 730 768 774 denotetur.

153 795 185 832 11.
212 791 264 834 lton
272 791 376 846 potuisse
385 790 474 847 aliquid
483 790 514 835 ah
524 797 619 835 oetarrm
630 790 706 834 oreari
716 789 837 845 probatur.

152 851 185 892 1².
212 849 247 894 Ex
256 862 296 904 eo,
317 850 380 908 quod
390 850 454 895 Deus
462 850 494 896 sit
502 855 623 902 aeternus,
645 860 691 892 nou
701 849 768 906 sequi
779 847 842 893 illius
850 846 935 893 elleota
949 850 1020 893 etiam
1037 862 1088 894 esse

211 920 281 964 posse
290 910 321 955 ah
331 916 434 955 aeterno.

153 970 186 1010 13.
213 969 301 1025 Deum,
320 970 583 1024 neocaesariensem,
602 979 650 1012 non
659 979 712 1012 esse
721 966 824 1012 inlinitae
835 968 931 1011 virtutis.

153 1029 185 1069 1⁴.
213 1027 277 1072 Unde
295 1028 425 1074 habeamus
443 1032 581 1084 conceptum
599 1025 694 1071 maioris
713 1027 854 1082 durationis,
874 1038 945 1082 quam
966 1032 1001 1069 est
1017 1027 1083 1073 huto,-

213 1088 302 1131 muudi.

440 1171 500 1216 Gar.
511 1171 552 1217 Xl.
579 1170 738 1213 neroniana
749 1169 797 1212 Dei.

166 1244 185 1280 1.
212 1239 357 1285 Concursum
367 1240 409 1283 uei
418 1240 509 1296 vulgari
518 1251 589 1285 seusu
599 1239 623 1284 iu
632 1238 780 1294 philosophia
790 1250 835 1282 non
846 1251 899 1282 esse
909 1237 1085 1281 admittendum.

164 1301 186 1341 2’.
213 1299 335 1354 Quomodo
345 1297 388 1343 Dei
398 1299 542 1345 conservatio
553 1310 580 1344 se
589 1297 675 1343 haheat
685 1298 707 1341 io
718 1297 789 1343 relius
799 1296 979 1342 determinandis
990 1297 1018 1339 ad
1029 1308 1087 1350 opo-

164 1419 185 1457 3.
213 1359 355 1461 llnizffiem
365 1416 531 1463 attributorum
541 1419 584 1463 Dei
593 1417 712 1472 vulgarem
727 1417 800 1471 magis
816 1427 868 1459 esso
882 1414 996 1471 nominis,
1016 1427 1087 1468 quam

164 1537 185 1575 4.
212 1488 318 1580 senatoris
328 1536 421 1591 propria
432 1537 520 1582 divisio.

423 1619 548 1666 Canni.
575 1619 814 1663 Dementehnmnna.

166 1692 186 1727 1.
214 1686 301 1733 Divisio
310 1687 456 1734 substantiae
465 1696 565 1734 creatae.

164 1749 185 1786 2.
211 1747 311 1802 Angelos
320 1758 367 1791 nou
377 1759 429 1792 esse
438 1749 623 1805 metaplasmas,
642 1748 683 1793 sed
692 1746 837 1803 theologicae
846 1749 1047 1793 oonsidorationis.

164 1807 184 1846 3.
212 1805 314 1850 lientem
324 1805 450 1852 humanam
460 1820 506 1853 non
516 1820 568 1854 esse
578 1820 607 1853 ex
616 1808 719 1857 traduoe,
730 1807 850 1852 sadalino
860 1807 949 1862 ereari;
959 1814 984 1851 at
993 1808 1087 1863 quando

211 1865 403 1910 ereeturuesoiri.

164 1924 184 1966 ⁴.
212 1923 263 1979 Quo
273 1936 343 1969 seusu
353 1926 430 1970 auimo
441 1925 543 1971 humana
551 1927 582 1972 sit
590 1924 703 1971 mortalis.

164 1986 185 2024 5.
212 1983 264 2039 Quo
273 1995 328 2028 tero
337 1995 408 2029 sensu
417 1985 564 2030 immortalis.

164 2044 185 2084 6.
213 2041 280 2087 Illius
290 2042 453 2089 immortalitas
463 2045 643 2090 demonstratur.

164 2105 184 2143 t.
210 2102 286 2205 geum
296 2114 342 2147 uon
352 2108 445 2158 eontra,
459 2104 501 2149 sed
510 2115 581 2160 supro
590 2111 698 2149 naturam
707 2115 789 2159 agore3
809 2103 896 2159 etquid
906 2104 950 2148 hoo
960 2105 991 2148 sit
1000 2114 1086 2148 seeun-

227 2168 403 2207 umauotorom.

164 2224 184 2261 8.
211 2220 258 2265 Gur
266 2219 338 2277 aliqui
348 2228 441 2277 putent,
460 2223 602 2268 voluntatem
613 2235 659 2268 nou
669 2235 721 2268 esse
730 2221 838 2268 liberam.

163 2282 185 2321 tt.
212 2279 273 2334 Quid
282 2279 313 2323 sit
322 2279 437 2327 voluutas.

153 2340 184 2379 1⁰.
212 2337 429 2385 harivoluutatem.

152 2401 185 2439 11.
212 2397 318 2453 Eamque
327 2410 380 2443 esse
388 2398 496 2446 liberam.

152 2458 185 2498 η.
213 2456 260 2500 Nee
270 2457 458 2505 contundendam
467 2472 521 2505 oum
531 2462 644 2516 appetitu.

152 2517 184 2558 13.
213 2514 261 2559 lieo
270 2517 359 2573 aliquid
368 2529 421 2563 esse
430 2524 524 2574 praeter
532 2520 606 2575 ipsam
617 2525 727 2565 mentem.

152 2577 184 2616 1⁴.
213 2575 259 2619 Cur
268 2575 399 2633 philosophi
409 2583 510 2623 mentam
521 2589 573 2622 oum
583 2579 654 2625 rebus
664 2580 783 2634 corporeis
793 2578 966 2625 contuderuntl
