2266 3406
497 198 607 245 INDEX.
982 197 1021 253 15

135 371 155 416 Β
169 370 293 417 dimidiam
307 375 397 427 partem
411 369 550 428 celeritatis,
569 382 616 428 qna
629 369 647 414 A
661 368 763 424 excedit,
782 370 833 415 lnA
848 370 980 429 transferet,
998 379 1022 417 et

134 430 207 475 ambo
216 442 294 487 aeque
303 430 409 475 celeriter
418 436 514 486 pergent
523 429 610 475 moveri
621 440 702 474 versus
712 430 810 474 eandem
819 435 918 485 partem.

111 488 222 535 doroll.
250 489 303 545 Quo
313 501 396 545 corpus
407 489 502 547 aliquod
512 489 610 533 celerius
620 494 738 546 moretur,
758 501 785 533 eo
795 489 869 544 magis
880 490 1021 536 determina-

161 555 212 593 tum
223 555 271 603 est,
286 555 323 607 ut,
337 549 466 594 secundum
477 560 548 605 quam
560 547 647 592 lineam
658 554 775 603 movetur,
794 547 881 592 moueri
891 554 985 607 pergat3
999 557 1023 594 et

109 614 269 714 Schegssmlle
279 665 413 712 discrimine
422 667 483 712 inter
491 666 538 710 rim
548 665 748 711 determinationis
757 670 782 711 et
789 666 836 711 rim
846 672 931 712 motus.

79 738 118 781 28.
137 734 198 790 lteg.
208 735 229 778 ⁴.
256 733 280 778 Si
289 746 374 790 corpus
383 735 402 777 A
411 734 481 790 plane
490 733 634 791 quiesceret,
654 739 763 790 essetque
776 733 849 790 paulo
863 735 939 780 maius
949 747 1021 792 quarn
1093 767 1094 770 =

135 795 168 852 133
196 805 347 851 quacumque
364 804 418 838 cum
436 794 556 838 celeritate
574 792 593 836 B
610 799 732 837 moveatur
748 805 829 838 versus
846 794 877 848 A,
900 806 1021 852 nunquam

136 855 214 910 ipsum
223 854 242 898 A
251 852 366 908 movebit,
384 853 426 897 sed
435 853 465 897 ab
476 864 504 898 eo
514 854 538 897 in
551 853 692 897 contrariam
706 857 796 908 partem
810 852 938 908 repelletur
951 865 1022 899 suum

136 914 252 969 integrum
262 917 352 956 motum
362 912 491 956 retinendo.

83 983 119 1024 29.
137 980 197 1034 mg.
207 983 228 1023 5.
256 981 278 1026 Si
289 991 374 1035 eorpus
384 980 507 1036 quiessem
517 979 535 1024 A
545 984 607 1024 esset
616 978 694 1024 minus
704 978 816 1035 quamn,
834 985 884 1024 tum
895 985 1023 1036 quantum-

137 1040 199 1084 virli
209 1040 274 1084 tarde
283 1051 364 1084 versus
374 1039 392 1082 A
401 1045 545 1093 moveretur,
564 1038 621 1082 illud
631 1050 711 1082 seeum
722 1039 837 1094 movebit,
858 1046 948 1094 partem
958 1039 1023 1084 soili-

138 1099 309 1202 olegvsgrainrgortus
319 1098 341 1142 ei
352 1097 422 1142 talem
433 1097 606 1154 transferendo,
624 1103 651 1141 ut
659 1097 729 1142 ambo
739 1102 820 1154 postea
830 1109 906 1154 aeque
915 1099 1023 1144 celeriter

84 1227 121 1268 eu.
140 1224 200 1279 lteg.
209 1226 229 1267 6.
257 1224 280 1269 Si
291 1225 404 1280 corpusA
414 1224 538 1281 quiescens
553 1228 615 1268 esset
629 1224 804 1270 accuratissime
817 1223 917 1280 aequale
931 1226 1023 1281 corpori

137 1284 156 1328 Β
166 1296 246 1329 versus
255 1282 313 1327 illud
323 1291 400 1339 moto,
419 1285 503 1339 partim
513 1283 544 1328 ab
554 1283 605 1340 ipso
615 1282 786 1340 impelleretur,
804 1283 890 1339 partim
899 1283 929 1329 ab
940 1285 990 1340 ipso
1000 1285 1024 1328 in

139 1343 280 1387 contrariam
290 1348 380 1398 partem
390 1343 550 1398 repelleretur.

84 1414 120 1455 ³1.
139 1409 199 1465 fleg.
210 1413 229 1452 t.
257 1410 281 1455 si
299 1410 318 1454 Β
336 1416 359 1454 et
371 1411 390 1453 A
403 1423 483 1456 versus
501 1411 599 1455 eandem
613 1416 703 1465 partem
717 1416 879 1467 moverentur,
897 1412 915 1457 A
930 1412 1024 1469 quidem

142 1470 245 1527 tardius,
264 1469 282 1513 B
292 1475 370 1514 autem
382 1469 439 1514 illud
449 1471 573 1527 insequens
584 1469 697 1525 celerius,
716 1471 748 1514 ita
762 1476 788 1514 ut
797 1470 874 1525 ipsum
885 1473 978 1516 tandem
988 1477 1025 1515 at-

139 1530 252 1584 tingeret,
271 1534 380 1584 essetque
393 1529 412 1572 A
425 1530 501 1573 maius
516 1540 587 1585 quam
601 1529 631 1584 B,
650 1529 692 1573 sed
706 1541 815 1574 excessus
830 1528 955 1575 celeritatis
970 1531 993 1574 in
1006 1530 1024 1574 B

139 1594 203 1634 esset
220 1587 308 1643 maior,
328 1600 399 1644 quam
418 1600 526 1633 excessus
540 1587 705 1642 magnitudinis
719 1588 742 1632 in
755 1588 787 1645 A;
807 1594 856 1632 tum
870 1589 887 1631 Β
902 1589 1026 1634 transferet

139 1652 231 1692 tautum
241 1647 269 1691 de
278 1657 321 1690 suo
331 1653 395 1691 motu
407 1647 430 1690 in
439 1647 470 1703 A,
489 1654 515 1691 ut
524 1645 593 1691 ambo
604 1651 685 1702 postea
695 1660 770 1704 aeque
780 1646 887 1692 celeriter
896 1653 920 1691 et
932 1648 956 1691 in
971 1659 1025 1692 eas-

139 1707 193 1750 dem
203 1710 281 1762 partes
295 1707 480 1762 progrediantur.
508 1707 530 1751 Sl
547 1711 625 1750 autem
640 1712 720 1751 contra
735 1718 844 1751 excessus
858 1706 1024 1761 magnitudinis

138 1765 191 1809 inA
201 1771 263 1809 esset
272 1765 360 1821 maior,
375 1777 446 1822 quam
457 1776 565 1810 excessus
576 1764 700 1810 celeritatis
710 1766 734 1809 in
743 1765 769 1821 B,
786 1766 809 1809 iu
819 1765 959 1810 contrariam
969 1777 1025 1822 par-

140 1832 188 1869 tem
197 1824 228 1869 ab
238 1825 288 1879 ipso
298 1823 456 1869 reflecteretur
465 1831 555 1868 motum
565 1836 658 1868 omnem
667 1837 737 1870 suum
748 1825 875 1869 retinendo.

114 1882 211 1930 schol.
239 1883 466 1939 Transgrediendum
484 1884 514 1928 ad
532 1895 631 1940 corpora
653 1884 822 1929 consideranda
841 1895 902 1941 quae
923 1884 953 1929 ab
972 1884 1024 1930 aliis

166 1943 297 1998 cinguntur.

88 2015 123 2056 3².
144 2011 168 2055 Si
178 2022 263 2065 corpus
272 2008 290 2052 Β
300 2011 457 2068 undequaque
466 2013 573 2068 cingatur
582 2023 595 2055 a
606 2010 750 2066 corpusculis
760 2011 838 2066 motis,
846 2011 922 2066 ipsum
932 2012 1025 2068 aequali

139 2070 162 2115 ui
171 2081 251 2116 versus
261 2081 342 2114 omnes
352 2077 430 2126 partes
440 2071 511 2116 simul
520 2069 674 2126 pellentibus,
693 2083 764 2127 quam
775 2070 814 2115 diu
824 2069 888 2114 nulla
898 2069 944 2115 alia
954 2081 1025 2116 causa

141 2129 256 2183 occurrit,
275 2128 298 2172 in
309 2130 390 2174 eodem
401 2130 452 2175 loeo
463 2131 586 2176 immotum
597 2129 709 2174 manebit.

88 2201 122 2242 3³.
143 2197 233 2253 Corpus
243 2196 274 2251 B,
293 2195 376 2240 iisdem
385 2202 490 2254 utsupra
504 2198 599 2254 positis,
617 2198 638 2241 ri
654 2197 801 2253 quantumvis
816 2207 887 2253 parva
901 2197 1026 2243 adventitia

141 2266 223 2301 versus
233 2265 406 2312 quamcumque
417 2263 506 2312 partem
516 2256 603 2302 moveri
614 2261 698 2312 potest.

87 2319 121 2360 3⁴.
141 2315 232 2370 Corpus
250 2313 280 2370 B,
304 2313 387 2358 iisdem
406 2316 487 2370 positis
506 2323 633 2373 utsupra,
652 2327 699 2360 non
716 2320 794 2371 potest
811 2312 910 2360 celerius
929 2316 1026 2372 moveri,

141 2386 213 2431 quam
224 2372 268 2417 ari
279 2378 373 2418 exterus
382 2374 509 2430 impulsum
519 2383 566 2432 est,
581 2375 688 2433 quamtis
697 2373 835 2432 particulae,
857 2386 870 2418 a
881 2373 966 2430 quihus
976 2375 1027 2419 ein-

140 2434 216 2488 gitur,
235 2430 303 2487 longe
313 2432 412 2477 celerius
423 2434 546 2489 agitentur.

91 2495 125 2536 ³5.
146 2492 225 2548 Quum
235 2502 320 2546 eorpus
330 2492 348 2535 B
358 2493 392 2536 sio
401 2493 431 2537 ab
442 2499 536 2538 externo
547 2492 648 2550 impulsu
658 2498 776 2548 mouetur,
795 2492 920 2536 maximam
936 2500 1026 2548 partem

142 2552 179 2596 sui
189 2554 266 2595 motus
281 2563 295 2595 a
309 2551 461 2610 corporibus,
480 2566 494 2598 a
508 2553 595 2611 quibus
609 2553 720 2600 continuo
734 2550 845 2609 cingitur,
865 2552 961 2610 accipit,
981 2564 1027 2597 non

142 2616 221 2655 autem
231 2623 245 2653 a
254 2608 276 2653 ri
287 2615 388 2655 externa.

86 2672 120 2712 tt.
142 2669 166 2714 Si
180 2681 266 2726 eorpus
282 2668 391 2726 aliquod,
412 2682 446 2714 ex.
462 2683 496 2726 gr.
511 2684 594 2717 manus
612 2677 705 2726 nostra,
724 2680 913 2725 quaquaversum
932 2669 1025 2726 aequali

141 2734 208 2774 motu
226 2729 314 2773 moveri
333 2735 424 2785 posset,
443 2730 474 2775 ita
494 2736 519 2774 ut
536 2731 606 2776 nullis
621 2728 759 2785 corporibus
773 2728 821 2773 ullo
836 2728 906 2773 modo
920 2729 1026 2783 resistat;

141 2788 275 2833 necessario
285 2788 308 2831 in
318 2787 358 2833 illo
368 2789 455 2845 spatio,
470 2802 512 2847 per
521 2791 584 2846 quod
596 2789 630 2834 sio
640 2793 779 2842 moveretur,
794 2792 828 2831 tot
837 2798 935 2843 corpora
945 2799 1025 2832 versus

140 2859 212 2893 unam
224 2853 328 2903 partem,
346 2858 417 2903 quam
430 2861 511 2894 uersus
525 2859 699 2906 quamcumque
713 2845 796 2901 aliam,
816 2845 910 2904 aequali
925 2845 985 2890 inter
998 2856 1025 2887 se

141 2913 165 2952 et
174 2906 267 2963 aequali
277 2918 331 2950 cum
341 2919 412 2951 manu
422 2908 442 2952 vi
453 2907 578 2953 celeritatis
589 2906 751 2951 movebuntur.

87 2967 121 3010 ti.
143 2965 166 3011 Si
177 2977 263 3020 corpus
273 2964 367 3020 aliquod
379 2967 444 3023 (puta
454 2965 482 3018 A)
493 2976 641 3023 quacumque
651 2976 721 3019 parva
730 2963 751 3007 vi
761 2973 842 3008 versus
852 2971 1026 3020 quamcumque

140 3029 232 3081 partem
241 3024 329 3068 moveri
339 3030 428 3081 potest,
448 3025 504 3069 illud
515 3023 646 3068 necessario
656 3022 778 3077 cingitura
793 3020 944 3077 corporibus,
964 3032 1026 3077 quae

142 3082 236 3140 aequali
246 3084 307 3128 inter
316 3096 342 3128 se
351 3084 470 3129 eeleritate
479 3087 609 3128 morentur.

112 3141 207 3186 salal.
236 3142 302 3196 Quae
310 3142 358 3187 sint
367 3154 467 3200 corpora
477 3143 564 3204 liuida,
585 3155 648 3204 quae
659 3143 729 3191 dura.
