2266 3406
138 182 170 225 vl
183 216 186 222 .
515 172 705 219 PRAEFATIO.

141 363 222 416 quum
231 349 373 416 bibliopola
385 349 432 400 tria
445 348 589 409 solumina,
608 345 704 412 quibus
717 345 980 413 comprehendentur,
1000 350 1077 402 etiam

142 433 507 502 singulaedietvendivellet.
532 434 622 496 ltaque
631 429 680 482 hoc
685 435 774 498 primo
784 439 853 484 torno
862 432 991 499 prodeunt
1001 447 1078 501 opera

137 519 317 588 philosophica
327 517 437 580 „ordine
447 517 600 584 geometrico
610 515 803 579 demonstrata“
818 518 837 567 i.
849 532 872 570 e.
884 517 1078 584 Gartcsiipein-

107 670 108 679 ἵ
140 609 211 672 cipio
224 604 422 672 philosophiae,
443 601 540 668 quibus
558 601 684 654 accedunt
701 599 822 667 'cogitata
838 605 1033 670 metaphysica,
1053 611 1079 655 et

140 692 238 742 ethico.
257 689 348 740 Altero
358 694 500 754 sequentur
509 689 540 740 dc
549 688 697 740 intellectio
705 687 884 739 emersdatione
892 687 1076 754 fragmentum,

140 780 271 827 tractatus
280 774 409 841 politicus
421 781 447 826 et
455 773 591 841 epistolae.
626 773 744 838 Denique
759 777 828 824 tomo
842 776 921 825 tertio
934 773 1077 840 theologica

139 862 158 910 i.
174 874 197 912 e.
217 865 349 910 tractatus
362 859 647 927 theologico-politicus
659 864 685 910 et
698 858 878 927 compendium
888 863 1078 924 grammatices

140 946 249 1010 linguae
258 946 403 996 Hebraeae.

192 1029 243 1081 Sed
256 1038 286 1081 ut
299 1036 381 1081 totum
394 1031 526 1095 negotium
538 1030 607 1081 iusto
626 1028 714 1081 ordine
732 1029 855 1096 procedat
872 1043 957 1094 neque
973 1039 1078 1083 nostrae

141 1199 296 1266 S'pinozae
315 1201 391 1261 vita,
415 1200 508 1251 deinde
529 1200 565 1251 de
582 1201 652 1252 eius
674 1200 823 1267 scriptis,
842 1207 897 1251 tum
916 1198 952 1250 de
969 1199 1079 1252 literis

139 1284 200 1336 huc
216 1285 453 1352 spectantibus
474 1285 585 1352 denique
599 1284 637 1338 de
649 1284 745 1338 libris
759 1284 817 1338 hoc
829 1285 989 1352 volumine
1004 1299 1079 1336 con-

139 1371 238 1421 tentis
256 1370 398 1437 praelahor.

526 1476 690 1487 umam—ut—

554 1498 576 1529 ff

194 1586 354 1653 deprimunt
370 1587 474 1652 quidem
489 1586 602 1653 Spirtoza
615 1585 804 1637 hmstelodami
823 1594 898 1636 natus
915 1593 955 1636 est
972 1586 1012 1636 dic
1030 1589 1076 1640 24.

139 1672 292 1723 Novembris
309 1673 370 1723 anni
385 1673 461 1726 1632.
477 1679 547 1738 patre
561 1671 657 1722 Iudaeo
671 1671 796 1723 Lusitano
812 1677 965 1732 mercatore,
991 1672 1078 1736 quiin

140 1757 220 1822 patria
232 1765 335 1808 renatus
344 1759 371 1808 in
382 1759 511 1809 Bataviam
526 1756 715 1824 migraverat.⁷)
751 1757 899 1822 cognomen
913 1756 1012 1822 accepit
1023 1756 1078 1807 Bc·

138 1869 295 1880 unm—au...-
300 1873 310 1878 ,Α

191 1927 214 1976 t]
229 1925 378 1979 Vitaclontcs
388 1934 443 1971 sunt
453 1927 524 1982 ipsius
534 1927 633 1982 scripta,
649 1925 753 1982 inprimis
765 1925 889 1980 epistolae;
908 1924 991 1969 deiude
1006 1936 1077 1980 prae-

142 1983 241 2028 lationes
251 1986 280 2029 ad
290 1985 403 2040 principia
414 1985 576 2042 philosophiae
586 1991 608 2029 et
618 1996 689 2040 opera
698 1985 831 2040 posthuma.
859 1983 1005 2028 Peculiarem
1016 1984 1078 2029 vitae

141 2043 322 2099 descriptionem
331 2044 425 2100 Belgicc
438 2045 549 2101 scriptam
564 2044 682 2090 Ultraicct.
693 2045 752 2088 libs.
767 2044 856 2099 primus
872 2043 942 2088 edidit
950 2040 1000 2085 loh.
1013 2042 1078 2086 Cole-

141 2115 195 2152 rur,
220 2103 319 2148 clericus
343 2104 457 2150 ccclesiae
475 2103 742 2159 evangel-Lutheranae
761 2102 887 2159 hagensis,
907 2103 1012 2148 ciusdem
1032 2103 1077 2148 do-

141 2174 194 2206 mus
208 2162 337 2220 habitator,
358 2163 381 2208 in
396 2175 442 2220 qua
457 2164 555 2219 Spiuoza
570 2175 611 2219 per
624 2164 738 2220 quosdam
753 2174 826 2207 annos
841 2167 945 2207 versatus
955 2169 1013 2207 erat.
1040 2164 1077 2208 Ab

141 2221 282 2277 aequalibus
297 2224 347 2268 eins
362 2230 384 2268 et
399 2222 607 2268 contubernalibus
621 2223 694 2268 multa
709 2227 873 2279 percunctatus
888 2228 935 2278 est,
955 2229 978 2267 et
991 2235 1077 2279 quam-

140 2282 180 2331 ris¹
189 2280 352 2338 philosophisic
366 2284 416 2328 eius
430 2283 648 2328 vehementissimus
662 2283 808 2328 adversarius
827 2281 922 2326 minime
937 2282 960 2326 in
974 2282 1020 2326 rita
1034 2282 1077 2327 de-

140 2338 265 2386 scribenda
275 2342 376 2397 partium
385 2343 512 2387 studiosus.
536 2342 601 2387 ldcm
610 2342 672 2388 liber
681 2343 705 2387 in
713 2342 816 2397 linguam
827 2339 940 2386 Gallicam
950 2340 1077 2388 translatus

79 2404 83 2413 ’
140 2399 227 2454 prodiit
236 2400 258 2444 h.
269 2406 299 2446 t:
320 2400 371 2454 „La
385 2403 420 2446 vie
434 2403 463 2446 de
473 2402 584 2460 Spiuosa,
599 2403 657 2448 tiree
670 2403 711 2447 des
725 2401 793 2446 ecrits
808 2401 836 2444 do
850 2411 877 2445 ce
891 2400 984 2446 tamenn
998 2401 1076 2457 philo-

140 2459 215 2514 sophe
224 2466 247 2504 et
257 2461 287 2504 du
298 2460 444 2517 temoignagc
454 2463 482 2506 dc
493 2461 609 2517 plusieurs
623 2474 750 2518 personnes
764 2461 844 2517 dignes
858 2462 887 2506 de
901 2462 946 2517 ici,
965 2462 1005 2518 qui
1020 2460 1078 2506 l’ont

141 2529 217 2562 connu
231 2519 453 2575 particulicrement.
481 2521 528 2565 Par
540 2520 711 2584 Μάρκῳ
721 2521 826 2566 ministro
845 2521 873 2565 de
887 2520 975 2577 l'iglise
989 2520 1078 2564 tutne-

140 2578 222 2622 riennc
236 2580 265 2622 dc
279 2578 301 2624 la
316 2579 403 2633 flayed
430 2579 622 2635 niallayettos.
637 2583 658 2625 8.
685 2581 751 2625 llanc
765 2581 979 2636 interpretationem
988 2580 1077 2626 Paulus

142 2640 209 2689 (tom.
220 2636 252 2682 ll.
263 2650 315 2694 pag,
326 2640 446 2692 thamsa)
462 2646 485 2684 et
494 2639 605 2686 Girocrer
618 2641 641 2684 iu
654 2653 710 2685 suus
721 2640 832 2685 editiones
843 2646 988 2696 receperunt.
1015 2640 1077 2684 Fons

141 2702 177 2741 ost
186 2695 282 2742 Colerus
292 2698 397 2743 omnium
411 2701 575 2757 gravissimus,
594 2711 682 2757 expuo
696 2699 766 2743 ceteri
782 2698 830 2744 lere
845 2711 926 2744 omues
941 2699 1077 2744 hauserunt.

141 2754 292 2802 Germanice:
312 2757 379 2808 „nar
389 2755 463 2800 Laden
473 2761 512 2802 der
521 2758 579 2801 Boc.
590 2770 636 2800 von
646 2755 753 2813 spinosa
762 2771 806 2800 aar
816 2761 861 2802 den
870 2755 995 2814 Schriften
1005 2757 1078 2800 meres

141 2814 272 2872 horrescerent
284 2815 317 2857 W
316 2816 432 2860 eitweireri
501 2817 701 2862 herchriehencore
709 2815 762 2860 Jot.
775 2817 862 2860 Uolero.
880 2817 930 2860 Aur
940 2819 992 2860 ciem
1000 2817 1079 2860 Fran.

140 2875 188 2916 ads.
199 2875 316 2918 iihersetzt
324 2889 348 2918 aa.
359 2875 407 2919 mii
415 2877 597 2933 Aninerlcungen
610 2874 753 2920 unmetrir‘
776 2863 882 2934 Mis.
891 2891 914 2919 a.
926 2876 1007 2932 Leipz.
1018 2880 1077 2923 titt.

140 2937 160 2975 3,
188 2935 293 2990 Repetita
309 2942 344 2980 est
357 2935 415 2982 hacc
425 2937 500 2982 Celeri
510 2938 635 2994 descriptio
645 2936 808 2982 additamentis
818 2937 960 2992 interpositis
969 2937 993 2980 in
1002 2936 1077 2983 libro:

141 2994 293 3043 ..accusation
303 2995 344 3040 des
355 3008 448 3042 crreurs
458 2998 486 3042 de
495 2998 579 3042 Bcuoit
587 2998 616 3042 ‹le
626 2995 726 3051 spinosa
736 3007 779 3051 par
787 2995 835 3038 Mr.
846 2997 873 3038 cte
882 2994 984 3038 Firsilon
993 2997 1078 3042 arche·

141 3053 215 3108 reque
225 3054 431 3112 denominamur
439 3056 574 3114 leP.Lamy
583 3055 718 3100 Benedictio
728 3061 751 3100 ct
760 3054 854 3112 paer.
862 3053 882 3096 le
891 3055 1078 3098 comtedelioul·

136 3110 288 3157 lainbillierr,
298 3127 356 3160 avec
365 3115 387 3160 lo
399 3117 434 3160 sie
443 3115 472 3162 de
481 3116 520 3174 sp.
533 3116 605 3163 ecrite
612 3126 656 3173 par
665 3114 708 3161 llr.
719 3114 778 3161 teau
788 3113 884 3162 Colerus
939 3117 1078 3170 augmentee
