2266 3406
360 154 481 201 aarum
501 155 691 201 rmnrurro.
972 154 992 212 q

54 333 121 400 113)
134 333 248 398 aliisquo
259 329 426 396 locisiiquet,
445 336 546 383 tantum
553 331 691 396 supponit,
709 342 762 380 uon
774 326 866 396 probat
882 331 992 384 Carte-

55 414 138 472 sius,
158 414 274 461 mentem
285 406 425 458 humanam
438 420 496 458 essa
508 405 680 459 subeuntium
693 404 811 459 absolute
825 407 990 471 cogitantem:

55 501 139 554 quum
148 491 239 538 contra
254 490 368 536 auctor
384 488 495 535 noster
511 480 752 547 ndmittatquidcm,
771 482 993 535 inrcrumnatura

57 579 115 617 csso
124 561 298 615 substantiam
307 560 470 626 cogitantem,
484 565 595 610 attamen
605 565 688 623 neget,
701 558 772 610 illem
782 561 937 612 constituere
949 575 993 613 cs-

57 641 170 694 sentiam
179 638 274 689 mcntis
282 635 422 696 humanam
441 634 488 686 scd
497 641 600 697 statuat,
615 635 707 687 codem
717 634 805 697 modo,
816 649 868 700 quo
881 644 994 689 erten-

56 719 107 769 sio
120 713 202 767 nullis
210 711 337 765 limitibus
346 710 512 764 determinata
521 717 570 772 cst,
589 712 993 777 cogitationametiamnuliis

56 791 189 845 limitibus
206 789 382 850 determinari;
409 787 539 853 adeoque,
558 786 777 852 quemadmodum
798 802 913 856 eorpus
933 791 994 843 hu-

56 881 186 920 manum
203 879 256 918 non
274 871 315 917 cst
330 864 462 927 absoluta,
486 863 533 915 scd
549 870 650 915 tantum
668 870 737 915 certo
755 864 832 915 modo
849 867 993 920 secundum

57 946 129 1010 leges
138 949 243 995 naturae
253 948 370 993 extensae
378 954 425 1007 par
432 946 532 992 motum
541 946 566 991 ct
575 941 687 1005 quictem
696 940 863 992 determinata
870 946 992 1006 extensio,

58 1022 99 1072 sic
116 1021 194 1071 etiam
210 1024 347 1069 mentem
364 1017 418 1068 sive
432 1017 568 1068 animum
586 1015 752 1068 humanam
770 1031 823 1068 oon
840 1031 897 1069 csse
915 1019 993 1072 ubso-

58 1098 123 1157 lutc,
137 1095 185 1147 scd
193 1099 295 1146 tantum
303 1092 446 1145 secundum
455 1093 524 1158 leges
533 1099 638 1144 naturae
647 1094 781 1157 cogitantis
790 1107 836 1160 per
845 1093 916 1145 ideas
925 1103 995 1146 certo

58 1173 137 1224 modo
152 1171 348 1222 determinatam
362 1169 555 1235 cogitationem
578 1182 643 1233 quac
656 1170 801 1220 necessario
819 1169 873 1221 duri
888 1173 994 1224 conclu-

58 1250 144 1308 ditur,
163 1247 210 1298 ubi
219 1260 313 1313 corpus
321 1244 464 1297 humanum
475 1248 581 1298 existere
594 1245 693 1310 incipit.
729 1246 766 1296 Er
779 1259 830 1311 qua
844 1246 993 1300 definitione

58 1341 112 1378 non
129 1323 234 1376 difficile
252 1322 428 1374 demonstmtu
445 1336 502 1375 esse
520 1328 605 1389 putat,
632 1322 825 1373 voluntatem
843 1323 876 1375 ab
894 1326 994 1377 intel-

58 1403 148 1454 lectu
165 1413 218 1451 non
236 1398 373 1462 distingui,
393 1399 575 1450 multominus
593 1411 636 1458 ea,
656 1412 733 1462 quum
747 1398 785 1448 ilii
801 1399 929 1452 Curiosius
947 1403 994 1453 ud-

59 1476 165 1538 scribit,
184 1474 282 1541 pollere
295 1474 425 1536 libertate3
445 1475 509 1541 quin
520 1476 574 1526 imo
587 1475 671 1540 ipsam
684 1475 826 1527 affirmandi
845 1483 870 1527 et
884 1479 994 1543 negandi

58 1553 208 1606 facultatem
225 1564 331 1618 prorsus
344 1550 472 1602 fictitiam:
491 1550 522 1602 τὸ
539 1557 626 1602 nutem
643 1551 766 1603 affirmare
785 1558 810 1603 et
824 1566 916 1618 ncgnre
929 1555 994 1606 nihil

58 1637 159 1698 praeter
173 1627 245 1679 ideas
259 1641 330 1688 cssc;
350 1634 461 1679 caeteras
475 1641 534 1679 vcro
546 1627 693 1690 facultates,
712 1634 742 1679 ut
753 1628 926 1692 intellectum,
946 1645 994 1681 cu-

58 1706 195 1775 piditatem
205 1708 255 1755 etc.
265 1705 439 1756 innumcmm
455 1703 649 1770 figmentorum,
669 1711 714 1756 aut
725 1704 817 1756 saltem
829 1705 931 1757 illarum
945 1721 994 1758 no-

58 1785 162 1835 tionum
175 1781 266 1846 rcponi
283 1779 390 1841 debere,
410 1794 475 1845 quas
492 1778 610 1832 homines
628 1795 657 1832 ex
674 1795 705 1832 eo
723 1781 793 1846 quod
810 1796 851 1833 res
868 1781 994 1837 abstracte

59 1857 212 1926 concipiunt
223 1855 409 1920 formaverunt,
430 1856 519 1922 quoles
528 1863 591 1908 sunt
602 1856 765 1919 humanitas,
783 1858 918 1925 lnpidcitus
930 1870 955 1912 ct
967 1861 995 1910 id

58 1949 143 2001 qenus
155 1934 230 1986 oliae.

111 2009 332 2063 Praetereundum
341 2009 470 2060 etiumhic
479 2023 642 2076 nequaquam
651 2017 703 2071 ast,
721 2011 749 2062 in
762 2012 874 2063 eundem
888 2025 994 2063 censum

60 2087 265 2148 veniredebarc,
285 2086 396 2149 hooest,
416 2087 763 2139 chartesiimentetantum
777 2087 841 2149 dici,
862 2087 931 2152 quod
945 2088 994 2139 ali-

60 2164 159 2230 quibus
166 2164 194 2214 in
206 2162 272 2215 locis
281 2165 420 2231 reperitur,
439 2177 532 2230 nempe
541 2165 589 2214 hoo
598 2163 722 2214 ortt-illud
733 2169 839 2230 coptum
853 2165 995 2216 humanum

60 2255 198 2308 cooperare.
233 2240 324 2305 Neque
333 2241 403 2291 enim
412 2239 460 2291 hoc
469 2241 505 2290 ita
514 2238 702 2307 accipiendum,
714 2253 743 2291 ac
752 2241 775 2292 si
785 2255 813 2292 cr
821 2241 924 2307 propria
933 2255 995 2293 sen-

59 2317 140 2368 tentia
149 2316 208 2367 talia
217 2315 342 2382 proferret
348 2323 436 2368 noster
444 2322 541 2367 auctor.
569 2317 669 2368 Iudicat
678 2318 747 2368 enim
760 2319 808 2368 ista
822 2318 908 2368 omniu
917 2323 994 2384 atque

60 2395 138 2445 etiam
146 2392 221 2459 plura
229 2391 280 2444 alia
286 2393 370 2459 magis
379 2392 501 2461 sublimia
511 2399 535 2444 ct
544 2393 649 2446 subtilia
658 2408 710 2444 non
720 2400 819 2444 tuntum
829 2393 896 2445 clara
909 2408 939 2447 ac
953 2395 995 2446 di—
1019 2442 1025 2457 ,
1043 2450 1061 2467 ..
1089 2443 1098 2467 „

59 2469 386 2539 stittcteanpipiscqucipi,
406 2469 758 2521 sedetiamoommodissime
771 2469 888 2536 explicari
901 2485 992 2538 posse:
1052 2466 1058 2495 ·'
1072 2472 1075 2478 '
1112 2467 1113 2473 ’

60 2547 82 2597 si
91 2545 171 2598 modo
180 2544 310 2597 humanus
319 2546 464 2597 intellectus
473 2543 522 2596 aliu
531 2546 585 2607 via,
602 2546 899 2611 quamquacaCartesio
909 2557 994 2614 aperta

59 2629 138 2688 atquo
152 2627 230 2683 strata
244 2626 296 2683 est,
315 2622 343 2672 in
357 2622 468 2674 veritatis
481 2623 703 2687 investigationem
716 2637 855 2688 rerumque
868 2625 995 2690 cognitio-

59 2713 121 2771 nem
138 2697 293 2749 deducatur:
312 2703 390 2762 atquc
404 2698 469 2750 adeo
487 2699 652 2751 scientiarum
669 2699 835 2752 fundamenta
853 2701 995 2753 aCartcsio

59 2781 147 2837 cruta,
167 2778 192 2825 et
201 2786 267 2838 quac
279 2774 313 2825 iis
326 2773 359 2825 ab
372 2775 651 2842 ipso'superacdiiicata
664 2782 739 2837 sunt,
758 2789 811 2827 non
829 2777 946 2828 sufficere
962 2775 995 2827 ad

58 2865 152 2903 omnes
160 2863 190 2901 ac
199 2847 363 2902 difficillimas
372 2865 437 2916 quac
446 2852 474 2903 in
484 2851 667 2920 metaphysicis
681 2858 819 2902 occurrunt
831 2853 994 2918 quaestiones

59 2969 232 2984 -—-

108 3036 129 3088 ⁸)
154 3033 222 3079 cont.
242 3032 368 3078 Gartcsii
394 3037 522 3080 meditat.
542 3036 575 3078 de
597 3034 688 3089 primu
712 3033 818 3089 pitter.
839 3034 870 3078 ii.
895 3035 924 3078 do
947 3047 995 3078 uu·

57 3101 109 3140 turn
128 3093 215 3138 meotis
234 3091 349 3138 humanae
365 3104 387 3150 p.
403 3095 421 3136 ⁹.
437 3105 489 3153 sqq.
