<?xml version="1.0" encoding="UTF-8"?>
<!DOCTYPE html PUBLIC "-//W3C//DTD XHTML 1.0 Transitional//EN"
    "http://www.w3.org/TR/xhtml1/DTD/xhtml1-transitional.dtd">
<html xmlns="http://www.w3.org/1999/xhtml" xml:lang="en" lang="en">
 <head>
  <title>
</title>
<meta http-equiv="Content-Type" content="text/html;charset=utf-8" />
  <meta name='ocr-system' content='tesseract 3.04.00' />
  <meta name='ocr-capabilities' content='ocr_page ocr_carea ocr_par ocr_line ocrx_word'/>
</head>
<body>
  <div class='ocr_page' id='page_1' title='image "benedictidespin01brudgoog_0009.png"; bbox 0 0 2266 3406; ppageno 0'>
   <div class='ocr_carea' id='block_1_1' title="bbox 93 188 656 233">
    <p class='ocr_par' dir='ltr' id='par_1_1' title="bbox 93 188 656 233">
     <span class='ocr_line' id='line_1_1' title="bbox 93 188 656 233; baseline 0.005 -3"><span class='ocrx_word' id='word_1_1' title='bbox 93 192 127 230; x_wconf 88' lang='lat' dir='ltr'><strong>1v</strong></span> <span class='ocrx_word' id='word_1_2' title='bbox 468 188 656 233; x_wconf 73' lang='lat' dir='ltr'><strong>PRAEFATIO.</strong></span> 
     </span>
    </p>
   </div>
   <div class='ocr_carea' id='block_1_2' title="bbox 1 359 1037 2562">
    <p class='ocr_par' dir='ltr' id='par_1_2' title="bbox 1 359 1037 2562">
     <span class='ocr_line' id='line_1_2' title="bbox 95 359 1037 427; baseline 0.008 -17"><span class='ocrx_word' id='word_1_3' title='bbox 95 361 211 427; x_wconf 73' lang='lat' dir='ltr'><strong>heiligen</strong></span> <span class='ocrx_word' id='word_1_4' title='bbox 225 359 338 421; x_wconf 64' lang='lat' dir='ltr'><strong>Gaulotus,</strong></span> <span class='ocrx_word' id='word_1_5' title='bbox 357 359 413 409; x_wconf 83' lang='lat' dir='ltr'><strong>und</strong></span> <span class='ocrx_word' id='word_1_6' title='bbox 427 359 521 410; x_wconf 75' lang='lat' dir='ltr'><strong>iamim</strong></span> <span class='ocrx_word' id='word_1_7' title='bbox 533 363 603 411; x_wconf 84' lang='lat' dir='ltr'><strong>steht</strong></span> <span class='ocrx_word' id='word_1_8' title='bbox 619 379 648 411; x_wconf 83' lang='lat' dir='ltr'><strong>er</strong></span> <span class='ocrx_word' id='word_1_9' title='bbox 666 364 735 412; x_wconf 82' lang='lat' dir='ltr'><strong>auch</strong></span> <span class='ocrx_word' id='word_1_10' title='bbox 747 363 782 413; x_wconf 87' lang='lat' dir='ltr'><strong>da</strong></span> <span class='ocrx_word' id='word_1_11' title='bbox 796 363 877 414; x_wconf 78' lang='lat' dir='ltr'><strong>atteia</strong></span> <span class='ocrx_word' id='word_1_12' title='bbox 889 367 945 416; x_wconf 81' lang='lat' dir='ltr'><strong>und</strong></span> <span class='ocrx_word' id='word_1_13' title='bbox 957 383 1037 418; x_wconf 78' lang='lat' dir='ltr'><strong>mcer-</strong></span> 
     </span>
     <span class='ocr_line' id='line_1_3' title="bbox 96 443 1037 517; baseline 0.009 -22"><span class='ocrx_word' id='word_1_14' title='bbox 96 447 194 511; x_wconf 85' lang='lat' dir='ltr'><strong>rcicht‚</strong></span> <span class='ocrx_word' id='word_1_15' title='bbox 214 443 323 496; x_wconf 77' lang='lat' dir='ltr'><strong><em>Meister</em></strong></span> <span class='ocrx_word' id='word_1_16' title='bbox 332 445 360 493; x_wconf 87' lang='lat' dir='ltr'><strong>in</strong></span> <span class='ocrx_word' id='word_1_17' title='bbox 372 444 563 509; x_wconf 73' lang='lat' dir='ltr'><strong>setneettenst,</strong></span> <span class='ocrx_word' id='word_1_18' title='bbox 572 467 574 472; x_wconf 94' lang='lat'><em>·</em></span> <span class='ocrx_word' id='word_1_19' title='bbox 584 447 649 496; x_wconf 82' lang='lat' dir='ltr'><strong>eber</strong></span> <span class='ocrx_word' id='word_1_20' title='bbox 663 447 776 497; x_wconf 84' lang='lat' dir='ltr'><strong>erdahen</strong></span> <span class='ocrx_word' id='word_1_21' title='bbox 788 450 854 499; x_wconf 79' lang='lat' dir='ltr'><strong>cibet·</strong></span> <span class='ocrx_word' id='word_1_22' title='bbox 867 448 909 500; x_wconf 84' lang='lat' dir='ltr'><strong>die</strong></span> <span class='ocrx_word' id='word_1_23' title='bbox 918 453 1037 517; x_wconf 71' lang='lat' dir='ltr'><strong>prtpfane</strong></span> 
     </span>
     <span class='ocr_line' id='line_1_4' title="bbox 95 529 1036 599; baseline 0.007 -17"><span class='ocrx_word' id='word_1_24' title='bbox 95 531 189 597; x_wconf 70' lang='lat' dir='ltr'><strong>Zunft,</strong></span> <span class='ocrx_word' id='word_1_25' title='bbox 209 529 751 596; x_wconf 59' lang='grc' dir='ltr'><strong>1111111111111·11111111111111111111111111κ</strong></span> <span class='ocrx_word' id='word_1_26' title='bbox 767 561 801 570; x_wconf 86' lang='grc'><strong>-</strong></span> <span class='ocrx_word' id='word_1_27' title='bbox 819 535 911 599; x_wconf 85' lang='lat' dir='ltr'><strong>ltaque</strong></span> <span class='ocrx_word' id='word_1_28' title='bbox 921 549 973 587; x_wconf 93' lang='lat' dir='ltr'><strong>non</strong></span> <span class='ocrx_word' id='word_1_29' title='bbox 983 540 1036 589; x_wconf 89' lang='lat' dir='ltr'><strong>mi-</strong></span> 
     </span>
     <span class='ocr_line' id='line_1_5' title="bbox 95 612 1036 683; baseline 0.005 -15"><span class='ocrx_word' id='word_1_30' title='bbox 95 631 167 677; x_wconf 93' lang='lat' dir='ltr'><strong>rum,</strong></span> <span class='ocrx_word' id='word_1_31' title='bbox 187 620 274 665; x_wconf 90' lang='lat' dir='ltr'><strong>nostro</strong></span> <span class='ocrx_word' id='word_1_32' title='bbox 285 627 359 676; x_wconf 85' lang='lat' dir='ltr'><strong>aevo,</strong></span> <span class='ocrx_word' id='word_1_33' title='bbox 378 612 424 664; x_wconf 90' lang='lat' dir='ltr'><strong>uhi</strong></span> <span class='ocrx_word' id='word_1_34' title='bbox 434 612 465 664; x_wconf 92' lang='lat' dir='ltr'><strong>de</strong></span> <span class='ocrx_word' id='word_1_35' title='bbox 475 613 552 666; x_wconf 90' lang='lat' dir='ltr'><strong>rebus</strong></span> <span class='ocrx_word' id='word_1_36' title='bbox 561 614 745 681; x_wconf 86' lang='lat' dir='ltr'><strong>philosophicis</strong></span> <span class='ocrx_word' id='word_1_37' title='bbox 757 622 782 667; x_wconf 91' lang='lat' dir='ltr'><strong>et</strong></span> <span class='ocrx_word' id='word_1_38' title='bbox 795 616 827 669; x_wconf 94' lang='lat' dir='ltr'><strong>de</strong></span> <span class='ocrx_word' id='word_1_39' title='bbox 837 620 1036 683; x_wconf 86' lang='lat' dir='ltr'><strong>quaestionibus</strong></span> 
     </span>
     <span class='ocr_line' id='line_1_6' title="bbox 95 698 1036 773; baseline 0.005 -20"><span class='ocrx_word' id='word_1_40' title='bbox 95 703 231 765; x_wconf 89' lang='lat' dir='ltr'><strong>utriusque</strong></span> <span class='ocrx_word' id='word_1_41' title='bbox 246 698 402 764; x_wconf 87' lang='lat' dir='ltr'><strong>reipublicae</strong></span> <span class='ocrx_word' id='word_1_42' title='bbox 416 700 574 765; x_wconf 85' lang='lat' dir='ltr'><strong>gravissimis</strong></span> <span class='ocrx_word' id='word_1_43' title='bbox 587 702 708 753; x_wconf 79' lang='lat' dir='ltr'><strong>acerrime</strong></span> <span class='ocrx_word' id='word_1_44' title='bbox 723 709 912 769; x_wconf 78' lang='lat' dir='ltr'><strong>propugnatur,</strong></span> <span class='ocrx_word' id='word_1_45' title='bbox 938 705 1036 773; x_wconf 87' lang='lat' dir='ltr'><strong>Spino-</strong></span> 
     </span>
     <span class='ocr_line' id='line_1_7' title="bbox 95 783 1035 857; baseline 0.004 -18"><span class='ocrx_word' id='word_1_46' title='bbox 95 802 138 839; x_wconf 81' lang='grc'><strong>111</strong></span> <span class='ocrx_word' id='word_1_47' title='bbox 161 783 352 853; x_wconf 80' lang='lat' dir='ltr'><strong>philosophiam</strong></span> <span class='ocrx_word' id='word_1_48' title='bbox 369 789 492 849; x_wconf 66' lang='lat' dir='ltr'><strong>unquam</strong></span> <span class='ocrx_word' id='word_1_49' title='bbox 510 783 609 837; x_wconf 89' lang='lat' dir='ltr'><strong>lontom</strong></span> <span class='ocrx_word' id='word_1_50' title='bbox 626 786 778 852; x_wconf 86' lang='lat' dir='ltr'><strong>primarium</strong></span> <span class='ocrx_word' id='word_1_51' title='bbox 794 786 911 853; x_wconf 83' lang='lat' dir='ltr'><strong>depromi</strong></span> <span class='ocrx_word' id='word_1_52' title='bbox 931 789 1035 857; x_wconf 87' lang='lat' dir='ltr'><strong>colique</strong></span> 
     </span>
     <span class='ocr_line' id='line_1_8' title="bbox 94 868 1034 939; baseline 0.005 -17"><span class='ocrx_word' id='word_1_53' title='bbox 94 871 190 924; x_wconf 86' lang='lat' dir='ltr'><strong>recenti</strong></span> <span class='ocrx_word' id='word_1_54' title='bbox 199 868 300 930; x_wconf 88' lang='lat' dir='ltr'><strong>labore,</strong></span> <span class='ocrx_word' id='word_1_55' title='bbox 320 869 372 919; x_wconf 91' lang='lat' dir='ltr'><strong>imo</strong></span> <span class='ocrx_word' id='word_1_56' title='bbox 382 869 413 920; x_wconf 90' lang='lat' dir='ltr'><strong>de</strong></span> <span class='ocrx_word' id='word_1_57' title='bbox 429 871 545 921; x_wconf 90' lang='lat' dir='ltr'><strong>eiusdem</strong></span> <span class='ocrx_word' id='word_1_58' title='bbox 560 871 675 922; x_wconf 86' lang='lat' dir='ltr'><strong>doctrina</strong></span> <span class='ocrx_word' id='word_1_59' title='bbox 688 872 716 922; x_wconf 91' lang='lat' dir='ltr'><strong>in</strong></span> <span class='ocrx_word' id='word_1_60' title='bbox 730 872 861 923; x_wconf 89' lang='lat' dir='ltr'><strong>nonnullis</strong></span> <span class='ocrx_word' id='word_1_61' title='bbox 873 875 970 939; x_wconf 86' lang='lat' dir='ltr'><strong>patriae</strong></span> <span class='ocrx_word' id='word_1_62' title='bbox 984 891 1034 927; x_wconf 91' lang='lat' dir='ltr'><strong>no-</strong></span> 
     </span>
     <span class='ocr_line' id='line_1_9' title="bbox 94 953 733 1022; baseline -0.005 -13"><span class='ocrx_word' id='word_1_63' title='bbox 94 967 161 1010; x_wconf 86' lang='lat' dir='ltr'><strong>strae</strong></span> <span class='ocrx_word' id='word_1_64' title='bbox 170 954 307 1008; x_wconf 87' lang='lat' dir='ltr'><strong>academiis</strong></span> <span class='ocrx_word' id='word_1_65' title='bbox 316 953 439 1005; x_wconf 89' lang='lat' dir='ltr'><strong>lectiones</strong></span> <span class='ocrx_word' id='word_1_66' title='bbox 449 954 536 1006; x_wconf 88' lang='lat' dir='ltr'><strong>haberi</strong></span> <span class='ocrx_word' id='word_1_67' title='bbox 546 955 698 1021; x_wconf 76' lang='lat' dir='ltr'><strong>peculiares,</strong></span> <span class='ocrx_word' id='word_1_68' title='bbox 707 959 733 1022; x_wconf 74' lang='lat'><strong>⁴)</strong></span> 
     </span>
     <span class='ocr_line' id='line_1_10' title="bbox 149 1038 1031 1108; baseline 0.007 -16"><span class='ocrx_word' id='word_1_69' title='bbox 149 1038 506 1101; x_wconf 88' lang='lat' dir='ltr'><strong>BernhardusTauchnitius,</strong></span> <span class='ocrx_word' id='word_1_70' title='bbox 525 1038 666 1105; x_wconf 87' lang='lat' dir='ltr'><strong>bibliopola</strong></span> <span class='ocrx_word' id='word_1_71' title='bbox 674 1043 818 1108; x_wconf 87' lang='lat' dir='ltr'><strong>Lipsiensis</strong></span> <span class='ocrx_word' id='word_1_72' title='bbox 826 1041 1031 1108; x_wconf 87' lang='lat' dir='ltr'><strong>laudatissimus,</strong></span> 
     </span>
     <span class='ocr_line' id='line_1_11' title="bbox 11 1123 1031 1194; baseline 0.003 -15"><span class='ocrx_word' id='word_1_73' title='bbox 11 1160 13 1165; x_wconf 91' lang='lat'>·</span> <span class='ocrx_word' id='word_1_74' title='bbox 97 1142 179 1194; x_wconf 85' lang='lat' dir='ltr'><strong>quum</strong></span> <span class='ocrx_word' id='word_1_75' title='bbox 197 1139 289 1178; x_wconf 82' lang='lat' dir='ltr'><strong>novam</strong></span> <span class='ocrx_word' id='word_1_76' title='bbox 308 1124 433 1191; x_wconf 87' lang='lat' dir='ltr'><strong>Spinozae</strong></span> <span class='ocrx_word' id='word_1_77' title='bbox 451 1139 557 1192; x_wconf 88' lang='lat' dir='ltr'><strong>operum</strong></span> <span class='ocrx_word' id='word_1_78' title='bbox 576 1123 715 1177; x_wconf 89' lang='lat' dir='ltr'><strong>editionem</strong></span> <span class='ocrx_word' id='word_1_79' title='bbox 733 1141 821 1179; x_wconf 88' lang='lat' dir='ltr'><strong>curare</strong></span> <span class='ocrx_word' id='word_1_80' title='bbox 844 1129 1031 1192; x_wconf 84' lang='lat' dir='ltr'><strong>constituisset,</strong></span> 
     </span>
     <span class='ocr_line' id='line_1_12' title="bbox 94 1208 1034 1279; baseline 0.004 -14"><span class='ocrx_word' id='word_1_81' title='bbox 94 1227 160 1279; x_wconf 81' lang='lat' dir='ltr'><strong>quae</strong></span> <span class='ocrx_word' id='word_1_82' title='bbox 169 1218 195 1263; x_wconf 89' lang='lat' dir='ltr'><strong>et</strong></span> <span class='ocrx_word' id='word_1_83' title='bbox 203 1209 305 1261; x_wconf 87' lang='lat' dir='ltr'><strong>modico</strong></span> <span class='ocrx_word' id='word_1_84' title='bbox 314 1209 396 1276; x_wconf 89' lang='lat' dir='ltr'><strong>pretio</strong></span> <span class='ocrx_word' id='word_1_85' title='bbox 406 1209 527 1276; x_wconf 90' lang='lat' dir='ltr'><strong>parabilis</strong></span> <span class='ocrx_word' id='word_1_86' title='bbox 538 1216 563 1260; x_wconf 87' lang='lat' dir='ltr'><strong>et</strong></span> <span class='ocrx_word' id='word_1_87' title='bbox 572 1208 660 1260; x_wconf 88' lang='lat' dir='ltr'><strong>eadem</strong></span> <span class='ocrx_word' id='word_1_88' title='bbox 671 1211 780 1279; x_wconf 78' lang='lat' dir='ltr'><strong>eleganti</strong></span> <span class='ocrx_word' id='word_1_89' title='bbox 789 1211 885 1276; x_wconf 90' lang='lat' dir='ltr'><strong>lorma,</strong></span> <span class='ocrx_word' id='word_1_90' title='bbox 905 1229 957 1279; x_wconf 85' lang='lat' dir='ltr'><strong>qua</strong></span> <span class='ocrx_word' id='word_1_91' title='bbox 966 1219 1034 1274; x_wconf 53' lang='lat' dir='ltr'><strong>scrif</strong></span> 
     </span>
     <span class='ocr_line' id='line_1_13' title="bbox 1 1287 1033 1387; baseline 0.002 -36"><span class='ocrx_word' id='word_1_92' title='bbox 1 1287 2 1292; x_wconf 8' lang='grc' dir='ltr'>ἵ</span> <span class='ocrx_word' id='word_1_93' title='bbox 23 1305 67 1387; x_wconf 65' lang='lat' dir='ltr'><em>f</em></span> <span class='ocrx_word' id='word_1_94' title='bbox 93 1307 180 1367; x_wconf 88' lang='lat' dir='ltr'><strong>ptores</strong></span> <span class='ocrx_word' id='word_1_95' title='bbox 192 1295 336 1362; x_wconf 76' lang='lat' dir='ltr'><strong>Anglorum</strong></span> <span class='ocrx_word' id='word_1_96' title='bbox 352 1293 473 1346; x_wconf 84' lang='lat' dir='ltr'><strong>classicos</strong></span> <span class='ocrx_word' id='word_1_97' title='bbox 487 1295 588 1363; x_wconf 90' lang='lat' dir='ltr'><strong>prodire</strong></span> <span class='ocrx_word' id='word_1_98' title='bbox 602 1296 653 1347; x_wconf 88' lang='lat' dir='ltr'><strong>iam</strong></span> <span class='ocrx_word' id='word_1_99' title='bbox 670 1297 793 1360; x_wconf 90' lang='lat' dir='ltr'><strong>iusserat,</strong></span> <span class='ocrx_word' id='word_1_100' title='bbox 813 1306 901 1351; x_wconf 89' lang='lat' dir='ltr'><strong>ornata</strong></span> <span class='ocrx_word' id='word_1_101' title='bbox 917 1301 1033 1353; x_wconf 83' lang='lat' dir='ltr'><strong>virorum</strong></span> 
     </span>
     <span class='ocr_line' id='line_1_14' title="bbox 94 1379 1032 1449; baseline 0.001 -13"><span class='ocrx_word' id='word_1_102' title='bbox 94 1385 229 1436; x_wconf 90' lang='lat' dir='ltr'><strong>doctorum</strong></span> <span class='ocrx_word' id='word_1_103' title='bbox 252 1379 386 1432; x_wconf 89' lang='lat' dir='ltr'><strong>desideriis</strong></span> <span class='ocrx_word' id='word_1_104' title='bbox 409 1380 588 1447; x_wconf 86' lang='lat' dir='ltr'><strong>responderet,</strong></span> <span class='ocrx_word' id='word_1_105' title='bbox 616 1382 738 1433; x_wconf 85' lang='lat' dir='ltr'><strong>orationis</strong></span> <span class='ocrx_word' id='word_1_106' title='bbox 763 1384 983 1449; x_wconf 76' lang='lat' dir='ltr'><strong>recognoscendae</strong></span> <span class='ocrx_word' id='word_1_107' title='bbox 1006 1395 1032 1439; x_wconf 85' lang='lat' dir='ltr'><strong>et</strong></span> 
     </span>
     <span class='ocr_line' id='line_1_15' title="bbox 91 1464 1032 1537; baseline 0.003 -17"><span class='ocrx_word' id='word_1_108' title='bbox 91 1466 224 1537; x_wconf 84' lang='lat' dir='ltr'><strong>praetendi</strong></span> <span class='ocrx_word' id='word_1_109' title='bbox 233 1467 365 1533; x_wconf 82' lang='lat' dir='ltr'><strong>negotium</strong></span> <span class='ocrx_word' id='word_1_110' title='bbox 374 1465 406 1516; x_wconf 88' lang='lat' dir='ltr'><strong>ad</strong></span> <span class='ocrx_word' id='word_1_111' title='bbox 415 1479 455 1516; x_wconf 90' lang='lat' dir='ltr'><strong>me</strong></span> <span class='ocrx_word' id='word_1_112' title='bbox 466 1464 571 1528; x_wconf 91' lang='lat' dir='ltr'><strong>detulit,</strong></span> <span class='ocrx_word' id='word_1_113' title='bbox 591 1481 668 1533; x_wconf 89' lang='lat' dir='ltr'><strong>quem</strong></span> <span class='ocrx_word' id='word_1_114' title='bbox 678 1468 740 1519; x_wconf 88' lang='lat' dir='ltr'><strong>satis</strong></span> <span class='ocrx_word' id='word_1_115' title='bbox 750 1468 815 1520; x_wconf 86' lang='lat' dir='ltr'><strong>hanc</strong></span> <span class='ocrx_word' id='word_1_116' title='bbox 825 1469 858 1521; x_wconf 93' lang='lat' dir='ltr'><strong>ad</strong></span> <span class='ocrx_word' id='word_1_117' title='bbox 867 1484 922 1521; x_wconf 88' lang='lat' dir='ltr'><strong>rem</strong></span> <span class='ocrx_word' id='word_1_118' title='bbox 931 1472 1032 1524; x_wconf 89' lang='lat' dir='ltr'><strong>instru-</strong></span> 
     </span>
     <span class='ocr_line' id='line_1_16' title="bbox 92 1550 1031 1620; baseline 0.001 -13"><span class='ocrx_word' id='word_1_119' title='bbox 92 1563 164 1608; x_wconf 88' lang='lat' dir='ltr'><strong>ctum</strong></span> <span class='ocrx_word' id='word_1_120' title='bbox 182 1558 327 1620; x_wconf 79' lang='lat' dir='ltr'><strong>cognosset.</strong></span> <span class='ocrx_word' id='word_1_121' title='bbox 363 1551 469 1602; x_wconf 82' lang='lat' dir='ltr'><strong>Exstant</strong></span> <span class='ocrx_word' id='word_1_122' title='bbox 486 1550 592 1616; x_wconf 88' lang='lat' dir='ltr'><strong>quidem</strong></span> <span class='ocrx_word' id='word_1_123' title='bbox 605 1552 686 1603; x_wconf 86' lang='lat' dir='ltr'><strong>nostri</strong></span> <span class='ocrx_word' id='word_1_124' title='bbox 699 1553 796 1605; x_wconf 88' lang='lat' dir='ltr'><strong>saeculi</strong></span> <span class='ocrx_word' id='word_1_125' title='bbox 811 1554 938 1608; x_wconf 87' lang='lat' dir='ltr'><strong>editiones</strong></span> <span class='ocrx_word' id='word_1_126' title='bbox 952 1555 1031 1618; x_wconf 82' lang='lat' dir='ltr'><strong>duae,</strong></span> 
     </span>
     <span class='ocr_line' id='line_1_17' title="bbox 92 1635 1031 1707; baseline 0.002 -14"><span class='ocrx_word' id='word_1_127' title='bbox 92 1655 202 1707; x_wconf 80' lang='lat' dir='ltr'><strong>quaruma</strong></span> <span class='ocrx_word' id='word_1_128' title='bbox 220 1640 290 1706; x_wconf 88' lang='lat' dir='ltr'><strong>prior</strong></span> <span class='ocrx_word' id='word_1_129' title='bbox 302 1636 411 1688; x_wconf 71' lang='lat' dir='ltr'><strong>Heraclei</strong></span> <span class='ocrx_word' id='word_1_130' title='bbox 422 1635 521 1688; x_wconf 83' lang='lat' dir='ltr'><strong>Eteri.</strong></span> <span class='ocrx_word' id='word_1_131' title='bbox 537 1637 666 1689; x_wconf 77' lang='lat' dir='ltr'><strong>Aenotltet</strong></span> <span class='ocrx_word' id='word_1_132' title='bbox 678 1638 777 1702; x_wconf 79' lang='lat' dir='ltr'><strong>Pauli,</strong></span> <span class='ocrx_word' id='word_1_133' title='bbox 792 1639 903 1706; x_wconf 87' lang='lat' dir='ltr'><strong>theologi</strong></span> <span class='ocrx_word' id='word_1_134' title='bbox 920 1641 1031 1695; x_wconf 87' lang='lat' dir='ltr'><strong>Heidel-</strong></span> 
     </span>
     <span class='ocr_line' id='line_1_18' title="bbox 91 1719 1030 1792; baseline 0.003 -14"><span class='ocrx_word' id='word_1_135' title='bbox 91 1726 240 1792; x_wconf 87' lang='lat' dir='ltr'><strong>hergensis,</strong></span> <span class='ocrx_word' id='word_1_136' title='bbox 258 1722 363 1786; x_wconf 66' lang='lat' dir='ltr'><strong>volumi</strong></span> <span class='ocrx_word' id='word_1_137' title='bbox 371 1719 475 1773; x_wconf 90' lang='lat' dir='ltr'><strong>duobus</strong></span> <span class='ocrx_word' id='word_1_138' title='bbox 487 1724 563 1773; x_wconf 87' lang='lat' dir='ltr'><strong>lenae</strong></span> <span class='ocrx_word' id='word_1_139' title='bbox 576 1721 709 1788; x_wconf 74' lang='lat' dir='ltr'><strong>prodiita.</strong></span> <span class='ocrx_word' id='word_1_140' title='bbox 722 1724 797 1779; x_wconf 76' lang='lat'><strong>1802.</strong></span> <span class='ocrx_word' id='word_1_141' title='bbox 813 1725 970 1792; x_wconf 84' lang='lat' dir='ltr'><strong>ot1803.⁵);</strong></span> <span class='ocrx_word' id='word_1_142' title='bbox 990 1728 1030 1781; x_wconf 79' lang='lat' dir='ltr'><strong>tl-</strong></span> 
     </span>
     <span class='ocr_line' id='line_1_19' title="bbox 92 1800 1030 1878; baseline 0.004 -16"><span class='ocrx_word' id='word_1_143' title='bbox 92 1820 146 1864; x_wconf 91' lang='lat' dir='ltr'><strong>tera</strong></span> <span class='ocrx_word' id='word_1_144' title='bbox 161 1809 242 1863; x_wconf 63' lang='lat' dir='ltr'><strong>estet.</strong></span> <span class='ocrx_word' id='word_1_145' title='bbox 254 1808 392 1875; x_wconf 81' lang='lat' dir='ltr'><strong>Gfrocreri</strong></span> <span class='ocrx_word' id='word_1_146' title='bbox 401 1807 628 1872; x_wconf 82' lang='lat' dir='ltr'><strong>stuttgardiensis,</strong></span> <span class='ocrx_word' id='word_1_147' title='bbox 649 1800 888 1878; x_wconf 90' lang='lat' dir='ltr'><strong>„philosophorum</strong></span> <span class='ocrx_word' id='word_1_148' title='bbox 903 1810 1030 1866; x_wconf 83' lang='lat' dir='ltr'><strong>laudatis-</strong></span> 
     </span>
     <span class='ocr_line' id='line_1_20' title="bbox 91 1891 1030 1964; baseline 0.003 -16"><span class='ocrx_word' id='word_1_149' title='bbox 91 1899 218 1949; x_wconf 91' lang='lat' dir='ltr'><strong>simorum</strong></span> <span class='ocrx_word' id='word_1_150' title='bbox 227 1895 272 1960; x_wconf 85' lang='lat' dir='ltr'><strong>qui</strong></span> <span class='ocrx_word' id='word_1_151' title='bbox 281 1892 313 1944; x_wconf 90' lang='lat' dir='ltr'><strong>ab</strong></span> <span class='ocrx_word' id='word_1_152' title='bbox 323 1891 506 1944; x_wconf 85' lang='lat' dir='ltr'><strong>restauratione</strong></span> <span class='ocrx_word' id='word_1_153' title='bbox 516 1892 648 1946; x_wconf 90' lang='lat' dir='ltr'><strong>literarum</strong></span> <span class='ocrx_word' id='word_1_154' title='bbox 662 1893 693 1945; x_wconf 89' lang='lat' dir='ltr'><strong>ad</strong></span> <span class='ocrx_word' id='word_1_155' title='bbox 703 1896 827 1946; x_wconf 90' lang='lat' dir='ltr'><strong>Kantium</strong></span> <span class='ocrx_word' id='word_1_156' title='bbox 842 1911 925 1962; x_wconf 84' lang='lat' dir='ltr'><strong>usquc</strong></span> <span class='ocrx_word' id='word_1_157' title='bbox 939 1897 1030 1964; x_wconf 88' lang='lat' dir='ltr'><strong>vigue-</strong></span> 
     </span>
     <span class='ocr_line' id='line_1_21' title="bbox 91 1978 1030 2048; baseline 0.002 -15"><span class='ocrx_word' id='word_1_158' title='bbox 91 1989 152 2034; x_wconf 86' lang='lat' dir='ltr'><strong>runt</strong></span> <span class='ocrx_word' id='word_1_159' title='bbox 161 1994 239 2048; x_wconf 89' lang='lat' dir='ltr'><strong>opera</strong></span> <span class='ocrx_word' id='word_1_160' title='bbox 248 1978 367 2031; x_wconf 85' lang='lat' dir='ltr'><strong>selecta“</strong></span> <span class='ocrx_word' id='word_1_161' title='bbox 383 1978 491 2041; x_wconf 88' lang='lat' dir='ltr'><strong>edituri,</strong></span> <span class='ocrx_word' id='word_1_162' title='bbox 512 1979 586 2031; x_wconf 90' lang='lat' dir='ltr'><strong>cuius</strong></span> <span class='ocrx_word' id='word_1_163' title='bbox 594 1978 754 2032; x_wconf 87' lang='lat' dir='ltr'><strong>collectionis</strong></span> <span class='ocrx_word' id='word_1_164' title='bbox 768 1983 1030 2048; x_wconf 85' lang='lat' dir='ltr'><strong>tom.111.Spinozae</strong></span> 
     </span>
     <span class='ocr_line' id='line_1_22' title="bbox 91 2064 1030 2134; baseline 0 -15"><span class='ocrx_word' id='word_1_165' title='bbox 91 2081 168 2134; x_wconf 87' lang='lat' dir='ltr'><strong>opera</strong></span> <span class='ocrx_word' id='word_1_166' title='bbox 177 2064 356 2133; x_wconf 88' lang='lat' dir='ltr'><strong>philosophica</strong></span> <span class='ocrx_word' id='word_1_167' title='bbox 365 2064 488 2115; x_wconf 89' lang='lat' dir='ltr'><strong>continet.</strong></span> <span class='ocrx_word' id='word_1_168' title='bbox 497 2065 522 2130; x_wconf 81' lang='lat'><strong>⁶)</strong></span> <span class='ocrx_word' id='word_1_169' title='bbox 558 2066 671 2131; x_wconf 84' lang='lat' dir='ltr'><strong>Utraque</strong></span> <span class='ocrx_word' id='word_1_170' title='bbox 680 2081 737 2118; x_wconf 86' lang='lat' dir='ltr'><strong>vera</strong></span> <span class='ocrx_word' id='word_1_171' title='bbox 746 2066 825 2120; x_wconf 91' lang='lat' dir='ltr'><strong>editio</strong></span> <span class='ocrx_word' id='word_1_172' title='bbox 835 2082 887 2120; x_wconf 90' lang='lat' dir='ltr'><strong>non</strong></span> <span class='ocrx_word' id='word_1_173' title='bbox 901 2067 951 2119; x_wconf 92' lang='lat' dir='ltr'><strong>nisi</strong></span> <span class='ocrx_word' id='word_1_174' title='bbox 966 2071 1030 2121; x_wconf 86' lang='lat' dir='ltr'><strong>sutis</strong></span> 
     </span>
     <span class='ocr_line' id='line_1_23' title="bbox 89 2147 1029 2221; baseline -0.001 -16"><span class='ocrx_word' id='word_1_175' title='bbox 89 2166 182 2221; x_wconf 83' lang='lat' dir='ltr'><strong>magno</strong></span> <span class='ocrx_word' id='word_1_176' title='bbox 191 2151 323 2218; x_wconf 83' lang='lat' dir='ltr'><strong>pretioast</strong></span> <span class='ocrx_word' id='word_1_177' title='bbox 332 2147 516 2216; x_wconf 85' lang='lat' dir='ltr'><strong>comparanda,</strong></span> <span class='ocrx_word' id='word_1_178' title='bbox 536 2156 643 2217; x_wconf 84' lang='lat' dir='ltr'><strong>utraque</strong></span> <span class='ocrx_word' id='word_1_179' title='bbox 658 2165 736 2218; x_wconf 89' lang='lat' dir='ltr'><strong>super</strong></span> <span class='ocrx_word' id='word_1_180' title='bbox 750 2153 966 2219; x_wconf 83' lang='lat' dir='ltr'><strong>exspectationem</strong></span> <span class='ocrx_word' id='word_1_181' title='bbox 979 2168 1029 2204; x_wconf 87' lang='lat' dir='ltr'><strong>no·</strong></span> 
     </span>
     <span class='ocr_line' id='line_1_24' title="bbox 25 2234 1028 2328; baseline 0.002 -38"><span class='ocrx_word' id='word_1_182' title='bbox 25 2262 72 2328; x_wconf 63' lang='lat' dir='ltr'><strong>ss</strong></span> <span class='ocrx_word' id='word_1_183' title='bbox 90 2235 337 2291; x_wconf 81' lang='lat' dir='ltr'><strong>stremscatctvitiis</strong></span> <span class='ocrx_word' id='word_1_184' title='bbox 350 2234 449 2287; x_wconf 88' lang='lat' dir='ltr'><strong>multis.</strong></span> <span class='ocrx_word' id='word_1_185' title='bbox 487 2235 593 2287; x_wconf 86' lang='lat' dir='ltr'><strong>ineolis</strong></span> <span class='ocrx_word' id='word_1_186' title='bbox 607 2236 741 2304; x_wconf 89' lang='lat' dir='ltr'><strong>principiis</strong></span> <span class='ocrx_word' id='word_1_187' title='bbox 755 2236 932 2305; x_wconf 88' lang='lat' dir='ltr'><strong>philosophiae</strong></span> <span class='ocrx_word' id='word_1_188' title='bbox 946 2244 1028 2307; x_wconf 87' lang='lat' dir='ltr'><strong>etap-</strong></span> 
     </span>
     <span class='ocr_line' id='line_1_25' title="bbox 28 2317 1027 2390; baseline 0 -14"><span class='ocrx_word' id='word_1_189' title='bbox 28 2330 38 2349; x_wconf 78' lang='grc'>”</span> <span class='ocrx_word' id='word_1_190' title='bbox 89 2323 198 2390; x_wconf 85' lang='lat' dir='ltr'><strong>pendice</strong></span> <span class='ocrx_word' id='word_1_191' title='bbox 216 2320 285 2389; x_wconf 90' lang='lat' dir='ltr'><strong>apud</strong></span> <span class='ocrx_word' id='word_1_192' title='bbox 298 2319 408 2373; x_wconf 90' lang='lat' dir='ltr'><strong>Paulum</strong></span> <span class='ocrx_word' id='word_1_193' title='bbox 425 2318 488 2370; x_wconf 89' lang='lat' dir='ltr'><strong>haec</strong></span> <span class='ocrx_word' id='word_1_194' title='bbox 503 2317 649 2381; x_wconf 72' lang='lat' dir='ltr'><strong>coelipeta</strong></span> <span class='ocrx_word' id='word_1_195' title='bbox 663 2321 893 2390; x_wconf 89' lang='lat' dir='ltr'><strong>deprehendimus,</strong></span> <span class='ocrx_word' id='word_1_196' title='bbox 916 2337 1027 2390; x_wconf 83' lang='lat' dir='ltr'><strong>quorum</strong></span> 
     </span>
     <span class='ocr_line' id='line_1_26' title="bbox 89 2404 1028 2476; baseline -0.001 -15"><span class='ocrx_word' id='word_1_197' title='bbox 89 2409 245 2476; x_wconf 86' lang='lat' dir='ltr'><strong>plerumque</strong></span> <span class='ocrx_word' id='word_1_198' title='bbox 264 2405 383 2458; x_wconf 86' lang='lat' dir='ltr'><strong>Glroerer</strong></span> <span class='ocrx_word' id='word_1_199' title='bbox 400 2404 556 2472; x_wconf 84' lang='lat' dir='ltr'><strong>pedissequa</strong></span> <span class='ocrx_word' id='word_1_200' title='bbox 573 2404 635 2458; x_wconf 88' lang='lat' dir='ltr'><strong>luit:</strong></span> <span class='ocrx_word' id='word_1_201' title='bbox 671 2409 733 2474; x_wconf 86' lang='lat' dir='ltr'><strong>Peg.</strong></span> <span class='ocrx_word' id='word_1_202' title='bbox 752 2407 795 2460; x_wconf 76' lang='lat'><strong>21.</strong></span> <span class='ocrx_word' id='word_1_203' title='bbox 814 2408 861 2459; x_wconf 88' lang='lat' dir='ltr'><strong>lin.</strong></span> <span class='ocrx_word' id='word_1_204' title='bbox 883 2409 924 2462; x_wconf 82' lang='grc'><strong>14.</strong></span> <span class='ocrx_word' id='word_1_205' title='bbox 944 2412 1028 2461; x_wconf 84' lang='lat' dir='ltr'><strong>citato</strong></span> 
     </span>
     <span class='ocr_line' id='line_1_27' title="bbox 90 2489 1026 2562; baseline 0.001 -16"><span class='ocrx_word' id='word_1_206' title='bbox 90 2495 147 2547; x_wconf 89' lang='lat' dir='ltr'><strong>loco</strong></span> <span class='ocrx_word' id='word_1_207' title='bbox 157 2509 182 2546; x_wconf 79' lang='grc'><strong>1.</strong></span> <span class='ocrx_word' id='word_1_208' title='bbox 194 2496 275 2556; x_wconf 86' lang='lat' dir='ltr'><strong>citat,·</strong></span> <span class='ocrx_word' id='word_1_209' title='bbox 284 2506 343 2558; x_wconf 88' lang='lat' dir='ltr'><strong>pag.</strong></span> <span class='ocrx_word' id='word_1_210' title='bbox 355 2489 397 2543; x_wconf 80' lang='lat'><strong>37.</strong></span> <span class='ocrx_word' id='word_1_211' title='bbox 409 2490 478 2544; x_wconf 76' lang='lat' dir='ltr'><strong>tit.</strong></span> <span class='ocrx_word' id='word_1_212' title='bbox 488 2506 565 2558; x_wconf 86' lang='lat' dir='ltr'><strong>prop.</strong></span> <span class='ocrx_word' id='word_1_213' title='bbox 576 2490 601 2542; x_wconf 88' lang='grc'><strong>7.</strong></span> <span class='ocrx_word' id='word_1_214' title='bbox 612 2491 668 2544; x_wconf 90' lang='lat' dir='ltr'><strong>loco</strong></span> <span class='ocrx_word' id='word_1_215' title='bbox 673 2509 752 2561; x_wconf 82' lang='lat' dir='ltr'><strong>prop.</strong></span> <span class='ocrx_word' id='word_1_216' title='bbox 760 2491 817 2555; x_wconf 80' lang='lat' dir='ltr'><strong>tt:;</strong></span> <span class='ocrx_word' id='word_1_217' title='bbox 828 2509 886 2562; x_wconf 85' lang='lat' dir='ltr'><strong>pag.</strong></span> <span class='ocrx_word' id='word_1_218' title='bbox 899 2496 941 2546; x_wconf 81' lang='lat' dir='ltr'><strong>ot.</strong></span> <span class='ocrx_word' id='word_1_219' title='bbox 952 2494 972 2544; x_wconf 86' lang='lat' dir='ltr'><strong>l.·</strong></span> <span class='ocrx_word' id='word_1_220' title='bbox 983 2496 1026 2547; x_wconf 77' lang='lat'><strong>35.</strong></span> 
     </span>
    </p>
   </div>
   <div class='ocr_carea' id='block_1_3' title="bbox 91 2633 256 2644">
    <p class='ocr_par' dir='ltr' id='par_1_3' title="bbox 91 2633 256 2644">
     <span class='ocr_line' id='line_1_28' title="bbox 91 2633 256 2644; baseline -0.024 0"><span class='ocrx_word' id='word_1_221' title='bbox 91 2633 256 2644; x_wconf 72' lang='lat'>........—--·-</span> 
     </span>
    </p>
   </div>
   <div class='ocr_carea' id='block_1_4' title="bbox 60 2717 1055 3142">
    <p class='ocr_par' dir='ltr' id='par_1_4' title="bbox 60 2717 1055 3142">
     <span class='ocr_line' id='line_1_29' title="bbox 138 2717 1027 2776; baseline 0.006 -15"><span class='ocrx_word' id='word_1_222' title='bbox 138 2724 159 2772; x_wconf 78' lang='grc'><strong>4)</strong></span> <span class='ocrx_word' id='word_1_223' title='bbox 179 2721 206 2766; x_wconf 81' lang='lat' dir='ltr'><strong>E.</strong></span> <span class='ocrx_word' id='word_1_224' title='bbox 218 2733 238 2764; x_wconf 79' lang='lat' dir='ltr'><strong>c.</strong></span> <span class='ocrx_word' id='word_1_225' title='bbox 251 2717 318 2763; x_wconf 81' lang='lat' dir='ltr'><strong>Thilo</strong></span> <span class='ocrx_word' id='word_1_226' title='bbox 328 2720 448 2776; x_wconf 88' lang='lat' dir='ltr'><strong>protessor</strong></span> <span class='ocrx_word' id='word_1_227' title='bbox 456 2719 640 2765; x_wconf 77' lang='lat' dir='ltr'><strong>vratislaviensis</strong></span> <span class='ocrx_word' id='word_1_228' title='bbox 651 2721 704 2764; x_wconf 89' lang='lat' dir='ltr'><strong>anni</strong></span> <span class='ocrx_word' id='word_1_229' title='bbox 715 2723 773 2764; x_wconf 74' lang='grc'><strong>1812.</strong></span> <span class='ocrx_word' id='word_1_230' title='bbox 783 2723 891 2766; x_wconf 88' lang='lat' dir='ltr'><strong>semestri</strong></span> <span class='ocrx_word' id='word_1_231' title='bbox 900 2724 988 2767; x_wconf 82' lang='lat' dir='ltr'><strong>aestivo</strong></span> <span class='ocrx_word' id='word_1_232' title='bbox 998 2724 1027 2766; x_wconf 90' lang='lat' dir='ltr'><strong>de</strong></span> 
     </span>
     <span class='ocr_line' id='line_1_30' title="bbox 88 2779 924 2838; baseline -0.004 -11"><span class='ocrx_word' id='word_1_233' title='bbox 88 2781 188 2838; x_wconf 81' lang='lat' dir='ltr'><strong>Spiuoza</strong></span> <span class='ocrx_word' id='word_1_234' title='bbox 198 2781 295 2836; x_wconf 82' lang='lat' dir='ltr'><strong>eiusque</strong></span> <span class='ocrx_word' id='word_1_235' title='bbox 304 2785 429 2835; x_wconf 76' lang='lat' dir='ltr'><strong>systemate</strong></span> <span class='ocrx_word' id='word_1_236' title='bbox 438 2792 464 2824; x_wconf 89' lang='lat' dir='ltr'><strong>se</strong></span> <span class='ocrx_word' id='word_1_237' title='bbox 474 2779 581 2835; x_wconf 82' lang='lat' dir='ltr'><strong>privatim</strong></span> <span class='ocrx_word' id='word_1_238' title='bbox 591 2779 762 2834; x_wconf 87' lang='lat' dir='ltr'><strong>disputaturum</strong></span> <span class='ocrx_word' id='word_1_239' title='bbox 773 2793 825 2825; x_wconf 87' lang='lat' dir='ltr'><strong>esse</strong></span> <span class='ocrx_word' id='word_1_240' title='bbox 835 2781 924 2825; x_wconf 81' lang='lat' dir='ltr'><strong>indixit.</strong></span> 
     </span>
     <span class='ocr_line' id='line_1_31' title="bbox 139 2839 1026 2895; baseline 0.005 -13"><span class='ocrx_word' id='word_1_241' title='bbox 139 2843 161 2892; x_wconf 84' lang='lat'><strong>5)</strong></span> <span class='ocrx_word' id='word_1_242' title='bbox 179 2839 236 2885; x_wconf 89' lang='lat' dir='ltr'><strong>Ben.</strong></span> <span class='ocrx_word' id='word_1_243' title='bbox 251 2839 280 2884; x_wconf 88' lang='lat' dir='ltr'><strong>dc</strong></span> <span class='ocrx_word' id='word_1_244' title='bbox 295 2839 394 2894; x_wconf 85' lang='lat' dir='ltr'><strong>Spinoza</strong></span> <span class='ocrx_word' id='word_1_245' title='bbox 409 2840 485 2895; x_wconf 85' lang='lat' dir='ltr'><strong>Opera</strong></span> <span class='ocrx_word' id='word_1_246' title='bbox 505 2851 566 2895; x_wconf 80' lang='lat' dir='ltr'><strong>quac</strong></span> <span class='ocrx_word' id='word_1_247' title='bbox 579 2843 706 2894; x_wconf 84' lang='lat' dir='ltr'><strong>supersunt</strong></span> <span class='ocrx_word' id='word_1_248' title='bbox 718 2839 805 2883; x_wconf 83' lang='lat' dir='ltr'><strong>omnia.</strong></span> <span class='ocrx_word' id='word_1_249' title='bbox 833 2839 921 2886; x_wconf 87' lang='lat' dir='ltr'><strong>lterum</strong></span> <span class='ocrx_word' id='word_1_250' title='bbox 936 2842 1026 2886; x_wconf 82' lang='lat' dir='ltr'><strong>edenda</strong></span> 
     </span>
     <span class='ocr_line' id='line_1_32' title="bbox 88 2898 1026 2955; baseline 0.002 -11"><span class='ocrx_word' id='word_1_251' title='bbox 88 2900 189 2954; x_wconf 80' lang='lat' dir='ltr'><strong>curavit,</strong></span> <span class='ocrx_word' id='word_1_252' title='bbox 208 2898 381 2955; x_wconf 80' lang='lat' dir='ltr'><strong>praelationes,</strong></span> <span class='ocrx_word' id='word_1_253' title='bbox 400 2899 471 2943; x_wconf 81' lang='lat' dir='ltr'><strong>ritem</strong></span> <span class='ocrx_word' id='word_1_254' title='bbox 481 2899 595 2954; x_wconf 85' lang='lat' dir='ltr'><strong>auctoris,</strong></span> <span class='ocrx_word' id='word_1_255' title='bbox 610 2907 709 2942; x_wconf 90' lang='lat' dir='ltr'><strong>necnon</strong></span> <span class='ocrx_word' id='word_1_256' title='bbox 719 2899 825 2952; x_wconf 80' lang='lat' dir='ltr'><strong>notitias,</strong></span> <span class='ocrx_word' id='word_1_257' title='bbox 841 2911 902 2955; x_wconf 84' lang='lat' dir='ltr'><strong>quae</strong></span> <span class='ocrx_word' id='word_1_258' title='bbox 912 2900 941 2944; x_wconf 86' lang='lat' dir='ltr'><strong>ad</strong></span> <span class='ocrx_word' id='word_1_259' title='bbox 952 2901 1026 2946; x_wconf 87' lang='lat' dir='ltr'><strong>histo-</strong></span> 
     </span>
     <span class='ocr_line' id='line_1_33' title="bbox 75 2954 1025 3013; baseline 0.003 -13"><span class='ocrx_word' id='word_1_260' title='bbox 75 2960 296 3012; x_wconf 71' lang='lat' dir='ltr'><strong>transcriptorum</strong></span> <span class='ocrx_word' id='word_1_261' title='bbox 307 2959 440 3013; x_wconf 84' lang='lat' dir='ltr'><strong>pertinent,</strong></span> <span class='ocrx_word' id='word_1_262' title='bbox 459 2959 548 3005; x_wconf 87' lang='lat' dir='ltr'><strong>addidit</strong></span> <span class='ocrx_word' id='word_1_263' title='bbox 556 2956 587 3003; x_wconf 83' lang='grc' dir='ltr'><strong>Η.</strong></span> <span class='ocrx_word' id='word_1_264' title='bbox 598 2957 625 3001; x_wconf 84' lang='grc' dir='ltr'><strong>Ε.</strong></span> <span class='ocrx_word' id='word_1_265' title='bbox 637 2954 666 3000; x_wconf 78' lang='lat' dir='ltr'><strong>G.</strong></span> <span class='ocrx_word' id='word_1_266' title='bbox 676 2955 766 3000; x_wconf 72' lang='lat' dir='ltr'><strong>Patulus</strong></span> <span class='ocrx_word' id='word_1_267' title='bbox 780 2958 853 3002; x_wconf 70' lang='lat' dir='ltr'><strong>theol·</strong></span> <span class='ocrx_word' id='word_1_268' title='bbox 866 2959 930 3013; x_wconf 75' lang='lat' dir='ltr'><strong>prot.</strong></span> <span class='ocrx_word' id='word_1_269' title='bbox 939 2960 1025 3004; x_wconf 82' lang='grc'><strong>11111-</strong></span> 
     </span>
     <span class='ocr_line' id='line_1_34' title="bbox 60 3013 522 3066; baseline 0.03 -15"><span class='ocrx_word' id='word_1_270' title='bbox 60 3013 105 3055; x_wconf 72' lang='lat' dir='ltr'><strong>sis.</strong></span> <span class='ocrx_word' id='word_1_271' title='bbox 130 3015 211 3059; x_wconf 76' lang='lat' dir='ltr'><strong>i&#39;ol.1.</strong></span> <span class='ocrx_word' id='word_1_272' title='bbox 223 3015 259 3060; x_wconf 90' lang='lat'><strong>11.</strong></span> <span class='ocrx_word' id='word_1_273' title='bbox 278 3017 331 3062; x_wconf 83' lang='lat' dir='ltr'><strong>len.</strong></span> <span class='ocrx_word' id='word_1_274' title='bbox 345 3021 406 3065; x_wconf 78' lang='lat'><strong><em>1802.</em></strong></span> <span class='ocrx_word' id='word_1_275' title='bbox 419 3023 479 3066; x_wconf 73' lang='lat' dir='ltr'><strong>titii.</strong></span> <span class='ocrx_word' id='word_1_276' title='bbox 500 3024 522 3065; x_wconf 85' lang='grc'><strong>8.</strong></span> 
     </span>
     <span class='ocr_line' id='line_1_35' title="bbox 104 3070 1055 3142; baseline -0.009 -22"><span class='ocrx_word' id='word_1_277' title='bbox 104 3071 132 3120; x_wconf 66' lang='grc' dir='ltr'><strong>ὅ)</strong></span> <span class='ocrx_word' id='word_1_278' title='bbox 146 3072 208 3119; x_wconf 77' lang='lat' dir='ltr'><strong>Ber.</strong></span> <span class='ocrx_word' id='word_1_279' title='bbox 221 3075 255 3121; x_wconf 86' lang='lat' dir='ltr'><strong>de</strong></span> <span class='ocrx_word' id='word_1_280' title='bbox 264 3079 371 3135; x_wconf 80' lang='lat' dir='ltr'><strong>Spinozn</strong></span> <span class='ocrx_word' id='word_1_281' title='bbox 382 3081 466 3140; x_wconf 85' lang='lat' dir='ltr'><strong>Opera</strong></span> <span class='ocrx_word' id='word_1_282' title='bbox 478 3080 655 3142; x_wconf 80' lang='lat' dir='ltr'><strong>philosophica</strong></span> <span class='ocrx_word' id='word_1_283' title='bbox 665 3070 1055 3125; x_wconf 66' lang='grc'><strong>11111111111111111111111111</strong></span> 
     </span>
    </p>
   </div>
   <div class='ocr_carea' id='block_1_5' title="bbox 33 3123 661 3204">
    <p class='ocr_par' dir='ltr' id='par_1_5' title="bbox 33 3123 661 3204">
     <span class='ocr_line' id='line_1_36' title="bbox 33 3123 661 3204; baseline 0.064 -42"><span class='ocrx_word' id='word_1_284' title='bbox 33 3123 170 3176; x_wconf 67' lang='lat' dir='ltr'><strong>adierim,</strong></span> <span class='ocrx_word' id='word_1_285' title='bbox 185 3132 322 3188; x_wconf 70' lang='lat' dir='ltr'><strong>Gsrosrer.</strong></span> <span class='ocrx_word' id='word_1_286' title='bbox 354 3142 609 3204; x_wconf 60' lang='lat' dir='ltr'><strong>scuttgardieetm·</strong></span> <span class='ocrx_word' id='word_1_287' title='bbox 637 3145 661 3188; x_wconf 72' lang='lat'><strong>⁸·</strong></span> 
     </span>
    </p>
   </div>
   <div class='ocr_carea' id='block_1_6' title="bbox 0 0 1138 3406">
    <p class='ocr_par' dir='ltr' id='par_1_6' title="bbox 0 0 1138 3406">
     <span class='ocr_line' id='line_1_37' title="bbox 0 0 1138 3406; baseline 0 2"><span class='ocrx_word' id='word_1_288' title='bbox 0 0 1138 3406; x_wconf 95' lang='lat' dir='ltr'><strong> </strong></span> 
     </span>
    </p>
   </div>
  </div>
 </body>
</html>
