2266 3406
149 185 191 244 34
295 189 528 236 Pmclrronunr
545 187 778 235 rumosorninn
795 187 927 234 GAR'I'ES.

200 364 244 416 VI.
268 367 299 416 In
313 365 397 414 omnis
410 363 446 414 rei
462 362 518 413 iden
531 363 584 413 sive
598 368 722 428 conceptu
737 363 882 414 continetur
894 361 1027 414 existentia
1040 365 1080 415 vel

149 440 280 507 possibilis
288 439 328 491 vel
337 439 488 490 necessarin.
503 438 527 501 ¹)

200 516 400 567 Necessaria
420 516 449 563 in
467 514 519 563 Dei
535 516 588 563 cine
605 515 672 564 entia
687 528 786 563 mmme
805 514 922 580 perfecti
938 521 1079 582 concepte,-

149 605 210 643 nant
228 591 297 641 aliae
313 591 494 655 conciperetur
509 591 705 655 imperfectam,
729 594 820 639 conire
838 589 910 656 qnod
924 595 1080 657 nepponitar

150 669 266 732 concipi.-
284 669 477 730 contingcne
493 680 554 715 cero
571 667 637 716 eive
656 665 830 732 possibilie
851 669 879 716 in
897 673 1025 735 conceptu
1040 670 1081 718 rei

151 744 290 794 limitatae.

201 820 259 869 vn.
278 817 354 870 Nullo
362 833 403 869 res
412 831 496 882 neque
505 816 558 868 ulle
566 817 603 867 rei
612 815 733 882 perfectio
743 823 801 867 actu
811 816 921 868 existens
934 824 1020 884 potest
1032 819 1079 870 ho-

150 895 210 946 bere
220 894 283 944 ninii
293 895 345 945 sive
354 908 408 944 rem
417 907 469 945 non
478 893 625 944 existentem
635 907 680 958 pro
690 907 766 944 cause
775 907 836 944 snae
847 893 1004 946 existentiae.
1017 896 1043 959 ²)

201 972 257 1021 lloc
266 973 374 1021 aciemn
387 972 462 1020 nobie
473 985 556 1034 aeque
565 972 734 1035 perspicuam
748 985 802 1020 erre
816 973 895 1035 atque
909 975 948 1021 eei
960 985 1008 1036 ego
1022 986 1079 1023 sum

151 1047 264 1112 cogitans
273 1050 302 1097 in
308 1046 407 1097 acholio
413 1049 541 1112 proposit.
553 1047 578 1096 t.
589 1045 773 1096 demontrant.

201 1124 273 1174 v111.
293 1120 424 1186 Quicquid
433 1128 471 1173 cst
482 1121 603 1173 reelitntis
617 1122 669 1172 sIve
682 1121 846 1187 perfectionis
859 1121 886 1171 in
900 1120 987 1187 alique
1001 1137 1029 1175 re
1043 1131 1081 1175 eet

151 1199 291 1251 formaliter
299 1198 338 1251 vel
347 1198 523 1249 eminentcrin
532 1199 614 1263 prime
623 1203 648 1248 et
657 1197 796 1262 adaequate
806 1198 861 1248 cius
871 1211 956 1248 cause.
970 1199 997 1263 ³)

200 1277 253 1327 Per
274 1276 415 1326 eminenter
440 1274 573 1338 intelligo,
609 1288 690 1340 qnam
711 1289 791 1325 caena
804 1275 950 1340 persectine
967 1279 1083 1326 contenet

152 1367 253 1402 omnem
270 1351 421 1402 realitatem
438 1350 557 1415 effectae,
578 1365 657 1415 qnam
670 1349 778 1415 effectae
795 1352 864 1416 ipee‚·
880 1366 931 1416 pec
943 1349 1084 1404 formaliter

151 1444 225 1491 cero,
246 1426 756 1493 qnamaequepeifecteillnmconiinet.

202 1505 258 1555 lloc
272 1506 379 1554 anioma
394 1518 411 1552 a
421 1503 591 1568 praecedenti
604 1501 738 1568 dependet.
773 1501 843 1554 Nam
856 1504 881 1552 ri
894 1509 1084 1570 nepponereinr

153 1581 221 1632 nilril
228 1581 269 1631 cel
277 1571 362 1629 acinon
371 1594 424 1628 eree
433 1581 462 1627 in
471 1593 563 1641 caena,
575 1593 653 1643 qnam
662 1580 691 1628 in
701 1577 804 1643 effectu,
814 1579 882 1628 nilil
889 1581 917 1629 in
926 1594 1008 1630 ennea
1017 1586 1085 1631 ercet

152 1673 232 1708 cauea
241 1656 358 1722 effectae.
393 1655 487 1706 Atlcoc
495 1659 535 1704 eet
548 1654 688 1704 absurdam
701 1653 768 1720 (per
775 1654 893 1722 praee).
929 1655 1020 1718 Quare
1031 1672 1083 1706 non

152 1747 329 1799 canonemque
338 1734 536 1797 reepoieoteese
545 1745 626 1780 cauea
641 1730 753 1781 alicuine
766 1731 888 1796 effectae,
907 1731 954 1781 ced
961 1734 1083 1798 praemon

150 1809 213 1872 illa,
233 1811 262 1857 in
282 1823 335 1872 qna
354 1810 507 1866 eminenter,
528 1806 570 1856 cel
582 1807 618 1856 ad
628 1808 763 1857 minimum
772 1807 930 1872 formaliter
944 1811 984 1858 eci
1000 1811 1083 1859 omnis

46 1894 50 1903 “
150 1886 296 1951 perfectio,
315 1881 580 1947 pnaceeiineffecin.

207 1961 254 2012 IX.
273 1959 384 2010 Rcalites
395 1958 517 2009 obiectIvn
526 1964 670 2009 nostrerum
679 1958 794 2010 idearum
803 1958 910 2024 requini
919 1972 1037 2020 censam,
1056 1960 1083 2010 in

154 2050 205 2102 qne
214 2035 302 2088 endem
315 2035 371 2100 ipse
384 2034 484 2086 rcelitns
498 2048 550 2084 non
564 2040 663 2085 tentum
677 2034 814 2106 obiectivc,
833 2034 879 2086 sed
892 2034 1031 2087 formaliter
1043 2035 1083 2087 vel

153 2113 294 2163 eminenter
303 2111 471 2163 contineatur.
485 2111 510 2174 4)

202 2188 258 2238 lloc
275 2191 383 2239 axioma
400 2187 471 2254 apud
488 2201 586 2250 omnes,
606 2191 724 2254 quamvis
736 2188 814 2239 mcclii
826 2204 856 2240 eo
872 2191 948 2240 ainsi
960 2194 1035 2248 nant,
1056 2191 1084 2236 in

153 2265 270 2329 confesso
280 2267 328 2314 est.
366 2262 414 2316 Uli
423 2265 491 2313 enim
500 2263 598 2328 aliquio
606 2264 710 2330 aliquid
717 2267 779 2315 novi
792 2269 925 2332 concepit,
943 2265 1031 2315 nullus
1046 2268 1086 2314 eei

153 2339 723 2406 qainonqnaeraicaneamillincconceptue
731 2339 878 2391 ciceidene.
907 2338 1085 2395 lliioeraali-

153 2429 232 2480 qnam
241 2418 377 2480 assignare
383 2420 493 2482 poscant
497 2453 506 2478 ,
525 2417 554 2465 in
562 2416 774 2481 quasormaliiec
781 2417 823 2467 vel
831 2419 974 2468 eminenter
982 2419 1085 2467 tanim

153 2490 286 2541 realitatie
300 2494 479 2551 contineatur,
499 2495 625 2557 qnantum
643 2497 682 2542 eci
697 2495 823 2544 obiectioe
840 2496 870 2543 in
886 2493 933 2544 illo
947 2495 1083 2558 conceptu,

154 2569 300 2632 qnieecnni.
345 2567 421 2630 Quod
442 2567 561 2633 enemplo
577 2569 714 2619 machinae
736 2569 887 2620 aCarteeio
906 2571 995 2636 princ.
1014 2567 1085 2633 phil.

150 2647 224 2709 part.
235 2641 256 2691 I.
267 2645 320 2692 ari.
332 2642 373 2693 17.
385 2643 466 2693 allato
475 2646 541 2694 satie
551 2643 710 2709 explicatur.
745 2644 790 2696 Sic
803 2648 884 2696 etiam
895 2647 921 2696 ei
934 2647 993 2711 pecie
1006 2657 1087 2709 qnae·

154 2721 212 2779 rai,
232 2717 362 2768 undenam
376 2719 451 2768 homo
464 2719 538 2769 ideae
550 2735 613 2770 snae
627 2722 797 2784 cogitationis
810 2726 838 2772 ei
849 2722 967 2788 corporis
980 2712 1085 2775 habeat,

154 2808 229 2844 nemo
237 2808 289 2843 non
302 2793 373 2844 videi
386 2794 460 2844 illum
473 2810 517 2845 eae
530 2812 565 2845 en
578 2812 618 2857 ce,
629 2796 788 2861 sonnaliier·
800 2799 926 2850 nimirum
939 2797 1089 2848 continente

156 2896 324 2909 Ἰ-

208 2943 228 2993 1)
246 2942 303 2986 Vide
313 2941 409 2987 Gertesii
419 2945 510 2990 axioma
521 2948 552 2988 Iti.

206 3002 228 3052 2)
246 3002 303 3046 Vide
313 3000 408 3047 Gertceii
418 3004 508 3055 eonme
517 3008 537 3048 3.

207 3061 229 3113 ³)
247 3060 303 3106 Vide
312 3059 407 3106 Gertesii
418 3061 508 3108 exiomn
517 3065 538 3107 ⁴.

202 3121 225 3169 Ι)
243 3119 343 3167 Gerteeir'
350 3119 442 3168 exiorne
452 3122 472 3166 t.
