2266 3406
400 597 637 697 *tunux

53 757 274 823 propositionum,
289 750 449 814 irremotum,
460 748 663 801 coronariorum
672 747 708 799 ai.
719 763 786 814 quos
796 751 824 799 in
833 748 855 800 1.
864 748 898 802 11.
910 755 938 800 et
945 748 992 801 iii.

94 840 340 907 principiorum
353 835 585 903 philosophice
597 835 754 901 portibus
772 837 947 886 continentur.

442 999 612 1011 ψ

410 1124 574 1176 Pius
618 1125 640 1174 1.

82 1210 328 1264 prolegomenon.

80 1274 102 1314 1.
129 1267 251 1313 Dubitatio
261 1268 290 1312 de
300 1267 417 1313 amoinus.

80 1331 103 1373 2.
131 1327 237 1372 lnventio
248 1327 392 1371 fundamenti
402 1327 477 1371 omnis
487 1326 604 1372 scientiae.

80 1391 102 1432 3.
130 1385 250 1430 Liberatic
261 1386 291 1431 ab
301 1385 410 1432 omnibus
419 1386 505 1432 dubiis.

55 1445 259 1492 Iteiinitiones
278 1447 350 1488 1-10.

55 1506 208 1550 Axiomata
226 1507 285 1548 1-3.
471 1540 476 1545 .

56 1567 178 1620 Propos.
189 1567 209 1608 1.
236 1564 271 1609 lte
280 1562 344 1610 nulla
353 1575 380 1609 re
387 1575 513 1621 possumus
523 1561 630 1609 absolute
639 1573 691 1608 esse
701 1561 770 1618 certi,
785 1572 856 1619 quarn
866 1561 906 1606 diu
916 1562 994 1606 nesci-

107 1636 162 1669 mus
171 1635 215 1669 nos
226 1624 333 1669 existere.

55 1685 77 1725 2.
104 1683 156 1738 Ego
167 1694 220 1724 sum
230 1683 300 1728 dehet
309 1694 361 1727 esse
370 1695 413 1739 per
422 1694 447 1727 sc
457 1688 546 1726 notum.

55 1745 76 1787 3.
103 1743 156 1796 Ego
166 1747 282 1798 quatenus
291 1753 329 1788 res
339 1748 448 1787 constans
458 1753 556 1797 corpore
565 1752 619 1783 tum
632 1752 679 1786 non
693 1745 729 1785 est
741 1739 843 1795 primum
858 1751 901 1784 nec
914 1751 956 1796 per
969 1752 994 1784 se

108 1802 237 1856 cognitum.

56 1863 76 1905 t
104 1860 157 1915 Ego
166 1871 275 1905 nomnen
284 1862 422 1916 potestesse
431 1860 533 1915 primum
543 1859 720 1917 cognitum‚nisi
730 1864 845 1916 quatenus
855 1859 994 1914 cogitamus.

84 1918 232 1965 Corollar.
258 1919 325 1965 Mens
336 1921 413 1964 notior
422 1926 457 1964 est
467 1931 572 1974 corpore.

82 1977 244 2024 Scholium.
272 1977 373 2034 Cogito
394 1980 490 2024 unicum
503 1985 527 2023 et
544 1977 700 2023 certissimum
722 1977 901 2022 fundamentum
924 1976 995 2020 totius

135 2037 304 2094 philosophiae.

56 2097 209 2142 Axiomata
228 2108 255 2140 ex
264 2097 367 2143 Cartesio
377 2098 499 2153 depromta
507 2099 581 2140 4-11.

57 2159 78 2199 5.
106 2155 151 2200 Dei
161 2156 282 2201 existentia
293 2167 321 2201 ex
329 2156 381 2202 sola
391 2157 441 2201 eius
451 2162 549 2201 naturae
558 2155 744 2202 consideratione
754 2155 909 2212 cognoscitur.

84 2214 244 2261 Scholium.
272 2216 338 2271 Quae
347 2214 614 2272 sequnnturpraeclara.

56 2277 77 2318 i,
105 2274 150 2318 Dei
160 2273 280 2318 existentia
290 2286 318 2319 ex
331 2287 359 2320 eo
373 2275 438 2333 solo,
456 2275 520 2331 quod
534 2275 584 2320 eius
599 2275 650 2320 ides
663 2275 695 2320 sit
706 2275 730 2318 in
744 2273 825 2330 nobis,
844 2285 858 2317 a
871 2273 994 2328 posteriori

109 2333 292 2378 demonstratur.

85 2391 244 2438 scholium.
272 2393 325 2437 Tria
335 2404 396 2449 quse
405 2392 514 2438 notanda.

57 2454 77 2495 t.
105 2451 150 2496 Dei
169 2451 290 2496 existentia
308 2452 481 2497 demonstretur
498 2453 568 2498 etiam
588 2464 616 2497 ex
628 2465 670 2510 eo,
689 2453 752 2509 quod
766 2452 867 2508 nosipsi
881 2451 995 2497 hahentes

109 2509 160 2554 eius
170 2509 247 2554 ideam
258 2512 391 2556 existamus.

82 2567 243 2613 scholium.
270 2569 422 2615 Examinatur
431 2569 526 2614 Cartesii
536 2570 703 2616 demonstratio
712 2581 807 2626 propos.
818 2573 838 2612 t.

81 2627 199 2673 Lemma
217 2631 237 2672 t.
264 2629 316 2684 Quo
325 2641 363 2672 res
372 2641 415 2673 sua
424 2634 506 2674 natura
517 2631 643 2686 perfectior
656 2635 704 2682 est,
723 2641 751 2673 eo
765 2631 878 2674 maiorem
892 2630 994 2675 existen·

135 2686 193 2731 tiam
203 2693 227 2732 et
235 2688 309 2743 magis
319 2689 477 2733 necessariam
487 2689 594 2746 involvit3
605 2695 628 2733 et
638 2693 731 2742 contra,
743 2700 789 2744 quo
800 2689 873 2744 magis
883 2701 995 2734 neeessa-

136 2744 197 2792 riam
207 2747 353 2792 existentiam
363 2744 453 2792 res‘sua
462 2753 545 2794 natura
555 2747 662 2802 involvit,
681 2759 709 2791 eo
719 2747 844 2803 perfectior
854 2752 897 2792 est.

81 2809 229 2855 Corollar.
256 2809 373 2866 Quidquid
383 2811 541 2854 necessarium
552 2810 696 2854 existentiam
706 2809 801 2856 invoivit
810 2817 846 2856 est
854 2811 926 2856 Deus.

79 2868 197 2914 Lemma
210 2871 230 2912 λ
258 2869 302 2924 Qui
312 2867 440 2925 potentiam
451 2867 522 2914 babet
530 2880 557 2915 se
571 2869 742 2927 conservandi,
754 2869 807 2917 eius
818 2875 998 2915 uaturaueeea-

128 2929 216 2972 sariam
224 2928 321 2973 invoivit
331 2927 489 2976 existentiam.

71 2984 214 3056 corotici.
226 2987 309 3055 'Deus
326 2995 409 3047 potest
433 2991 533 3043 eiflcere
557 2993 585 3043 id
603 2996 681 3044 umne‘
696 2995 767 3057 quod
785 2990 854 3040 utare
869 2986 1040 3045 perdidimus„

107 3051 180 3091 prout
187 3044 302 3101 idipsum
312 3052 480 3112 percipimus.
