2266 3406
508 194 588 239 ruas
610 194 630 238 r.
995 191 1035 250 39

102 380 179 434 posse
189 366 245 419 dari
256 365 345 434 plures
354 365 429 429 deos,
448 366 494 418 sed
503 374 602 419 tantum
613 383 708 431 mum,
728 375 758 421 ut
770 383 874 435 propos.
887 369 928 420 11.
944 369 1033 432 hauns,

103 451 129 495 et
137 445 164 495 in
174 444 211 495 11.
221 448 295 510 parte
304 448 404 494 nostrae
413 443 561 510 appendicis
570 458 626 510 cap.
637 447 663 500 2.
675 445 740 497 clare
750 444 965 497 demonstramus.

103 576 281 642 PROPOS.
299 577 365 639 Vll.
408 579 467 640 Dei
488 581 644 641 existentia
661 582 875 642 demonstratur
892 583 980 642 etiam
998 600 1036 641 ex

141 695 193 748 eo,
216 674 296 753 quod
313 693 370 733 nos
387 674 444 753 ipsi
462 673 609 735 habentes
627 675 691 733 eius
709 675 806 734 ideam
824 675 996 735 existamus

155 790 278 843 SCHOL.
296 787 338 840 Ad
346 788 412 840 hanc
420 788 621 855 propositionem
630 789 853 842 demonstrandam
860 791 1036 842 assumitCar-

104 868 185 920 tesiam
194 867 257 918 haec
267 864 319 916 duo
329 866 466 929 axiomata,
485 879 577 930 nempe
594 864 618 916 l.
635 865 711 928 Quod
718 870 808 932 potest
819 866 1038 934 efficereiclqnod

103 948 191 994 maim
207 948 248 993 est
259 946 314 992 eice
327 941 473 1008 difficilius,
487 946 577 1008 potest
593 944 673 991 etiam
690 943 791 1007 efficere
808 943 839 992 id
853 943 925 1008 quod
939 947 1034 995 minus.

102 1022 129 1075 2.
147 1019 237 1071 Maius
249 1022 290 1068 cst
301 1033 392 1069 creare
403 1019 458 1067 eice
472 1016 537 1084 (per
550 1033 596 1068 aa.
612 1018 667 1082 to.)
687 1033 838 1069 conservare
852 1020 1034 1083 substantiam,

103 1111 184 1162 qnam
192 1096 387 1146 attrdbutasice
393 1095 569 1159 proprietates
577 1095 747 1144 concientiae.
771 1093 874 1156 Quibus
883 1095 946 1160 quid
955 1097 1036 1162 signi-

104 1171 179 1223 ficare
196 1170 257 1222 velit
274 1169 371 1220 nescio.
406 1169 472 1221 Nam
489 1168 552 1234 quid
568 1169 654 1231 facile,
673 1168 736 1234 quid
753 1183 811 1222 uero
829 1169 929 1222 difficile
946 1170 1036 1223 vocati

103 1248 173 1300 Nihil
182 1248 252 1298 enim
261 1245 393 1309 absolute,
412 1241 566 1296 sedtantum
580 1251 697 1312 respectu
712 1246 899 1312 causaescea'le
912 1254 957 1298 aut
970 1249 1037 1314 daff-

105 1326 153 1375 cc‘le
165 1324 274 1375 dicitur:
293 1322 356 1396 adeo
365 1327 395 1372 ut
404 1336 456 1372 una
465 1321 637 1373 eteademres
646 1321 735 1372 eodem
744 1328 858 1388 tempore
868 1331 986 1389 respectu
995 1324 1036 1375 di-

104 1414 235 1452 versarum
244 1412 380 1450 causarum
390 1397 471 1449 facilis
481 1404 507 1449 et
515 1396 624 1448 difficilis
634 1397 685 1448 dici
692 1398 812 1463 possit.*)
847 1400 943 1450 Verum
957 1400 980 1451 si
993 1399 1037 1450 illa

105 1476 217 1528 difficilia
234 1479 322 1538 vocat,
342 1488 407 1539 quae
421 1488 512 1538 magno
526 1473 627 1536 labore,
647 1472 730 1525 facilia
743 1480 843 1537 autem,
863 1489 928 1540 quae
942 1476 1035 1526 minori

105 1552 192 1604 labore
201 1551 234 1603 ab
244 1550 335 1603 eadem
344 1564 420 1601 causa
430 1549 520 1601 confici
529 1555 637 1614 queunt,
656 1556 686 1600 ut
694 1564 732 1600 er.
743 1565 781 1615 gr.
792 1551 843 1610 vis,
863 1564 929 1615 quae
938 1550 1036 1601 sustol-

105 1629 157 1680 lere
173 1632 262 1695 potest
279 1627 311 1677 50
325 1624 416 1688 libras,
436 1625 515 1691 duplo
530 1624 630 1675 facilius
643 1626 776 1678 sustollere
789 1627 883 1692 poterit
897 1628 929 1680 25
943 1624 1034 1685 libras;

106 1720 157 1757 non
168 1705 217 1756 erit
225 1717 288 1755 sane
298 1703 396 1753 axioma
409 1701 526 1753 absolute
538 1713 640 1762 verum,
660 1716 748 1753 nocer
762 1715 791 1753 eo
805 1702 832 1753 id
846 1701 915 1767 quod
927 1701 1037 1753 intendit

108 1781 284 1833 demonstrare
293 1779 395 1845 poterit.
417 1780 482 1831 Nam
491 1777 538 1828 uhi
547 1776 634 1829 ait:Sc
643 1778 764 1829 laederem
773 1780 966 1845 aimmeipsum
975 1793 1037 1828 eon-

105 1856 242 1920 actuandi,
268 1857 349 1905 etiam
366 1855 488 1905 luderem
505 1855 557 1903 cim
573 1855 638 1903 milti
654 1855 734 1905 dandi
752 1870 838 1906 omnes
850 1856 1036 1923 perfectiones,

107 1949 174 2001 pune
182 1933 251 1983 milti
259 1930 353 1981 deccat
361 1930 433 1995 (quia
442 1929 539 1981 scilicet
547 1944 599 1979 non
609 1936 704 1981 tantam
713 1937 865 1996 potestatem
875 1930 1034 1995 requirunt);

105 2010 155 2076 ipsi
164 2005 343 2069 concederem,
359 2005 515 2071 quodvires,
531 2020 596 2071 quas
605 2005 724 2071 impendo
733 2006 815 2058 adme
825 2004 1035 2065 conservandum,

104 2090 213 2153 possent
222 2083 271 2135 alia
280 2082 354 2149 plura
367 2077 442 2147 longe
457 2081 557 2133 facilius
571 2081 684 2144 efficere,
703 2083 753 2134 nisi
765 2083 797 2133 iis
811 2082 938 2148 eguissem
952 2080 984 2132 nd
995 2096 1037 2132 me

105 2158 323 2213 conservandum:
355 2157 401 2210 sed
423 2172 500 2223 quam
523 2157 617 2209 diuiis
635 2163 694 2209 utor
712 2157 802 2209 adme
825 2157 1035 2219 conservandum,

104 2251 169 2303 nego
179 2249 222 2286 me
231 2247 308 2300 posse
318 2248 361 2285 eas
374 2233 521 2299 impendere
534 2233 567 2285 ad
580 2233 628 2284 alia
642 2235 758 2299 quamvis
770 2233 883 2286 faciliora
896 2233 1035 2296 efficienda,

105 2313 168 2364 utin
178 2316 268 2362 nostro
278 2309 392 2375 exemplo
403 2309 468 2360 clare
478 2309 561 2361 videre
575 2317 623 2361 est.
658 2312 711 2362 Nec
725 2309 900 2361 difficultatem
914 2309 995 2372 tollit,
1014 2314 1037 2361 si

106 2388 216 2449 dicatur,
237 2383 317 2450 quod,
337 2399 418 2450 quum
427 2385 477 2435 sim
485 2400 526 2436 res
536 2387 664 2451 cogitans,
683 2387 825 2437 necessario
835 2385 953 2437 deberem
962 2387 1035 2447 scire,

105 2479 168 2516 num
185 2475 233 2528 ego
251 2461 279 2511 in
297 2474 339 2512 me
357 2461 529 2513 conservando
549 2476 638 2512 omnes
655 2476 726 2513 meas
743 2463 809 2514 vires
827 2461 988 2527 impendam,
1012 2469 1038 2512 et

105 2541 248 2593 etiamnum
258 2550 289 2587 ea
298 2537 331 2587 sit
340 2550 425 2599 causa,
441 2550 487 2587 cur
496 2552 542 2602 ego
551 2537 614 2587 mihi
623 2552 674 2588 non
684 2539 743 2589 dem
752 2543 848 2588 ceteras
857 2538 1036 2605 perfectiones.

103 2617 169 2668 Nam
179 2616 372 2680 (praeterquam
382 2612 451 2678 quod
460 2611 546 2663 dehac
555 2627 582 2664 re
591 2614 642 2663 iam
651 2628 703 2664 non
713 2614 867 2678 disputatur,
883 2613 929 2665 sed
938 2620 1038 2665 tantum

105 2689 238 2758 quomodo
257 2703 287 2740 er
299 2687 349 2739 hoc
362 2690 484 2740 ariomate
499 2690 638 2740 necessitas
651 2689 728 2740 huius
741 2690 925 2754 propositionis
944 2704 1039 2754 sequa-

104 2769 158 2832 tur)
169 2767 192 2818 si
201 2764 229 2816 id
238 2765 345 2826 scirem,
364 2766 445 2815 maior
454 2779 551 2828 essem,
571 2772 596 2816 et
605 2765 668 2816 forte
679 2766 787 2816 maiores
796 2766 861 2816 vires
871 2767 1036 2830 requirerem,

105 2857 183 2910 quam
193 2855 259 2907 quas
268 2839 364 2905 habeo,
383 2840 415 2891 ad
424 2841 599 2892 meinmaiori
608 2841 651 2891 illa
660 2841 815 2907 perfectione
825 2840 1036 2892 conservandum.

106 2952 277 2966 -u-———-¹¹⁸

152 3009 171 3056 ')
187 3004 278 3048 Nealr‘a
288 3005 392 3060 exempla
407 3017 521 3067 quaeras,
542 3019 602 3066 cape
618 3007 758 3066 exemplum
772 3018 894 3063 araneae,
910 3015 975 3062 unae
986 2999 1067 3044 &sim

89 3060 160 3102 troile
170 3061 225 3103 terit
257 3072 329 3115 quem
342 3064 453 3111 nomines
463 3081 512 3115 non
523 3069 573 3115 nisi
584 3068 736 3119 difficillime
744 3073 875 3118 tenerent:
888 3062 1009 3110 lionimes
1017 3067 1083 3099 con-

79 3121 114 3155 “1
123 3126 196 3169 tm
202 3091 309 3170 plurima
320 3121 440 3173 facillime
450 3127 563 3190 faciunt,
575 3143 645 3190 quae
655 3133 724 3183 torte
735 3131 833 3191 augelis
841 3118 1020 3182 imllssss'ffiffi
1027 3117 1101 3158 *m*

805 3336 957 3370 a*
1053 3342 1080 3369 ..ιι
