2266 3406
490 180 599 226 rnusx.
972 178 1010 238 13

85 356 107 395 t.
128 353 178 398 ilua
192 364 247 408 pars
261 353 366 408 eorporis
379 364 425 397 non
439 352 515 397 maius
529 353 630 408 spatium
645 359 745 410 occupat
758 364 804 398 una
814 354 864 398 rice
873 363 944 408 quam
954 352 1009 407 alia,

126 417 245 482 etcontra
260 411 322 456 idem
336 411 437 468 spatium
452 424 498 456 una
512 412 562 458 rice
576 424 622 457 non
634 412 688 469 plus
701 413 806 469 corporis
820 412 923 458 continet
940 423 1011 469 quam

99 471 210 585 cointii.
229 538 333 594 Corpora
342 551 403 596 quae
412 539 512 595 aequale
521 540 623 594 spatium
633 547 757 598 occupant,
771 549 827 596 puta
836 551 920 585 aurum
930 545 953 584 at
962 541 1011 593 air,

152 610 229 656 aeque
238 597 338 643 muitum
348 599 461 643 materiae
471 599 519 644 sive
528 598 673 645 substantiae
681 612 809 657 corporeae
818 599 913 645 hahent

84 687 107 727 5.
124 681 391 728 Nullaadauturatomi.

99 749 197 796 schol.
225 750 337 805 Quaestio
347 750 376 796 de
385 752 478 796 atomis.

86 837 109 878 d.
125 834 223 937 lgateria
237 832 404 938 eezindeflnite
417 842 524 890 extensa,
543 836 688 891 materiaque
706 835 766 881 coeli
780 842 803 881 et
820 841 896 881 terrae
910 847 956 880 uua
970 847 1012 880 aa·

143 905 229 952 amque
239 905 264 938 es

101 961 199 1008 schol.
226 961 327 1007 Zenonis
337 961 367 1007 de
377 969 442 1007 metu
453 961 522 1007 locali
531 963 646 1008 sententia
656 963 801 1009 examinatur
810 969 833 1007 et
842 963 965 1007 refutatur.

86 1039 109 1080 ¹1.
126 1037 221 1083 liullutn
240 1048 324 1093 corpus
336 1036 416 1083 locum
429 1037 526 1084 alterius
539 1039 679 1094 ingreditur,
698 1039 743 1084 nisi
757 1038 828 1084 simul
841 1037 899 1082 illud
912 1038 1012 1083 alterum

130 1095 208 1142 locum
219 1096 318 1142 alicuius
328 1096 425 1142 alterins
435 1099 539 1154 corporis
549 1098 699 1154 ingrediatur.

89 1177 111 1215 8.
128 1173 205 1228 Quum
216 1184 301 1228 corpus
311 1171 405 1229 aliquod
415 1172 493 1218 locum
503 1173 599 1218 alterins
609 1174 744 1229 ingreditur,
755 1175 1014 1230 eodemtemporismo·

128 1238 208 1279 mento
216 1231 284 1277 locus
294 1231 324 1276 ab
335 1244 363 1277 eo
372 1231 497 1278 derelictus
506 1233 537 1278 ab
547 1231 593 1278 alio
604 1244 703 1290 corpore
712 1241 849 1290 occupatur,
864 1234 927 1289 quod
936 1233 1013 1290 ipsum

128 1291 263 1337 immediate
272 1292 353 1347 tangit

104 1359 199 1404 Schol.
226 1358 318 1414 Duplex
328 1371 393 1404 error
402 1360 524 1406 relutatur.

103 1417 212 1464 Coroll.
240 1417 268 1462 ln
278 1418 341 1463 omni
350 1425 416 1464 motu
426 1419 515 1475 integer
524 1420 625 1466 circulus
635 1431 759 1476 corporum
769 1420 840 1466 simul
849 1426 962 1465 moretur.

89 1498 111 1537 ⁹.
127 1495 151 1540 si
162 1493 251 1538 canalis
260 1493 323 1539 auc
333 1495 453 1541 circularis
462 1497 493 1541 sit
502 1508 562 1553 aqua
573 1496 664 1553 plenus,
675 1502 697 1540 et
707 1497 757 1541 ind
767 1497 797 1542 sit
807 1494 936 1553 quadruplo
946 1493 1016 1540 latior

128 1565 200 1609 quam
216 1553 239 1597 in
252 1551 284 1608 li,
303 1565 331 1598 eo
345 1560 462 1613 tempore,
481 1567 528 1612 que
543 1556 583 1601 illa
597 1568 658 1612 aqua
673 1555 718 1608 (vel
731 1555 795 1600 aliud
809 1567 894 1611 corpus
908 1553 1014 1604 liuidum)

129 1623 191 1670 quac
205 1617 242 1656 est
254 1612 279 1656 in
291 1613 323 1666 it,
341 1615 453 1659 tersusB
472 1615 552 1672 incipit
565 1615 666 1670 moveri,
686 1626 747 1671 aqua
761 1627 822 1671 quac
836 1614 909 1660 estin
922 1613 940 1658 li
954 1625 1015 1668 qua-

129 1670 212 1727 druplo
223 1669 323 1716 celerius
333 1673 472 1719 movebitur.

104 1739 226 1784 lemma.
254 1739 278 1783 Si
288 1739 334 1784 duo
344 1742 483 1786 semicirculi
493 1755 521 1787 ex
530 1744 612 1788 eodem
623 1749 702 1788 centro
716 1743 891 1795 describantur,
914 1740 1015 1796 spatium

155 1799 216 1842 inter
225 1798 369 1853 peripherias
384 1801 428 1845 erit
441 1801 529 1857 ultique
542 1801 655 1859 aequale;
674 1803 694 1848 si
708 1814 763 1847 vero
779 1814 807 1846 ex
820 1801 916 1846 dirersis
930 1799 1015 1844 ceutria

155 1857 332 1917 describantur,
350 1861 451 1917 spatium
462 1861 521 1906 inter
530 1861 675 1917 peripherias
685 1861 730 1905 erit
738 1861 827 1917 ubique
836 1859 967 1916 inaequale.

77 1944 111 1983 tlt.
131 1941 223 1998 Corpus
231 1941 343 1994 liuidum,
362 1938 424 1996 quod
434 1949 476 1993 per
486 1935 592 1982 canalem
601 1935 665 1981 ABG
676 1943 795 1993 moretur,
814 1936 899 1992 accipit
908 1933 1016 1979 indefini-

130 2008 167 2046 tos
177 2001 263 2056 gradus
273 1998 406 2046 celeritatis.

79 2080 112 2120 ii.
133 2076 162 2121 ln
171 2078 282 2133 materia,
295 2088 357 2133 quae
366 2087 408 2131 per
418 2072 524 2118 canalem
533 2071 596 2118 ABG
606 2071 669 2128 fluit,
687 2074 756 2118 datur
765 2073 847 2117 divisio
857 2072 880 2114 in
890 2070 1016 2126 particulas

131 2134 272 2181 indefinitas.

105 2203 201 2249 schol.
228 2204 263 2248 lia
273 2215 344 2249 causa
354 2208 431 2247 motus
442 2201 537 2258 duplici.

78 2283 111 2321 tit.
130 2279 194 2325 Deus
204 2284 240 2325 est
249 2291 320 2324 causa
329 2277 464 2335 principalis
474 2282 560 2320 motus.

77 2360 111 2400 at.
131 2356 237 2402 Eandem
247 2355 400 2413 quantitatem
410 2358 488 2398 motus
503 2359 527 2397 et
538 2353 636 2408 quietis,
655 2364 727 2409 quam
740 2352 804 2398 Deus
816 2351 891 2396 semel
904 2353 1017 2397 materiae

129 2414 262 2474 impressit,
282 2415 409 2460 etiamnum
419 2424 463 2457 suo
473 2423 588 2457 concursu
598 2421 728 2459 comervat.

105 2482 202 2586 Scliol
222 2487 244 2552 ¹¹.
269 2482 305 2527 De
314 2481 449 2528 discrimine
458 2480 522 2536 quod
531 2480 570 2525 hic
579 2481 701 2525 intercedit
710 2478 921 2536 intertlreologiam
931 2487 953 2525 et
963 2480 1016 2535 phi-

104 2542 345 2656 Schtssspgjassotus
355 2608 468 2653 materiae
476 2608 567 2653 modus.

78 2689 110 2729 ld.
131 2685 292 2744 Unaquaeque
301 2698 348 2741 res,
364 2691 478 2742 quatenus
488 2685 587 2741 simplex
596 2690 619 2729 et
627 2685 725 2729 indivisa
735 2690 783 2737 est,
797 2690 821 2727 et
830 2684 853 2728 in
863 2697 888 2729 se
898 2683 948 2729 sola
958 2695 1016 2728 con-

131 2744 260 2802 sideratur,
279 2751 392 2802 quantum
403 2747 518 2803 insecat,
536 2756 631 2800 semper
639 2745 663 2788 in
673 2744 755 2788 eedem
765 2748 826 2787 statu
837 2749 976 2799 perseverat.

103 2813 213 2861 Coreli.
240 2812 343 2870 Corpus,
362 2813 508 2870 quodsemel
521 2818 640 2869 moratur,
658 2823 752 2867 semper
765 2812 852 2855 moveri
867 2812 953 2868 pergit,
972 2811 1016 2854 nisi

156 2885 171 2918 a
180 2873 258 2919 causis
268 2872 368 2918 externis
377 2873 515 2918 retardetur.

77 2953 111 2994 tt.
132 2947 631 3006 omneeorpusmetumexseipsotendit,
650 2945 1015 3001 utseenndumlinaamreetam,

131 3021 178 3054 non
188 3021 242 3053 aare
252 3020 346 3053 curtam
356 3012 436 3063 pergat
445 3009 540 3052 moveri.

103 3067 201 3115 schel.
229 3068 264 3113 lte
272 3069 295 3111 ri
304 3067 507 3113 demonstrationis
517 3066 684 3110 antecedentia.

105 3126 213 3174 doreti.
242 3127 317 3173 omne
335 3137 433 3188 corpus,
454 3128 518 3187 qaod
538 3128 672 3176 secuudum
687 3126 782 3176 lineam
799 3134 901 3170 cumam
915 3126 1043 3171 mouetur,
