2266 3406
147 177 188 236 30
295 179 528 228 Pntnctrlotttttu
549 179 782 226 Pmosnnutan'
799 179 930 224 caum.

197 354 290 423 Neque
307 359 375 407 enim
387 358 470 421 ipsius
482 355 645 405 wistandiae
654 357 776 420 praecise
787 359 889 405 mentae
907 354 990 405 alium
1003 355 1083 406 itabe-

145 433 317 496 mmc'dcum,·
331 430 596 497 quumqnodee'trcc,
615 432 645 479 in
655 430 872 496 quasomaliter
884 430 925 481 cci
937 432 1083 482 emitteretur

146 512 239 560 existit
247 507 316 558 illud
322 507 426 572 aliquid
436 506 509 571 guod
514 507 690 573 percipimus,
708 508 763 556 sice
776 506 847 572 quod
858 511 899 558 eet
911 508 1040 558 obiectr'vo
1054 525 1083 558 cu

145 586 238 652 aliqua
246 599 281 634 cac
289 585 386 634 nostris
395 582 471 632 idcir.
483 615 485 619 ι

195 669 240 718 VI.
260 665 419 730 Substantia,
431 667 474 718 cui
482 667 550 718 inest
560 666 705 718 immediate
715 666 845 732 cogitatio,
864 672 968 718 vocatur
981 681 1079 720 mens.

196 751 304 816 Loquor
318 755 406 802 antem
418 753 462 802 hic
480 751 511 802 de
528 757 613 803 mente
628 754 731 818 potius,
751 766 831 816 qnam
844 750 876 801 do
894 753 997 816 anim,
1018 768 1083 818 quo·

145 831 218 878 nium
232 829 336 877 animae
349 843 442 878 nomen
458 833 498 879 ert
510 831 694 896 aequivocum,
714 832 742 878 ct
752 843 831 894 saepo
840 842 892 894 pro
905 843 936 878 rc
952 843 1082 895 corporeo

145 908 299 970 usurpatur.
991 922 995 927 ·

195 988 255 1039 VII.
276 985 439 1052 Substantia,
459 1003 525 1055 quac
534 995 573 1041 est
582 977 728 1040 subiectum
738 987 916 1039 Mmediatum
926 988 1082 1039 extensionis

145 1071 171 1115 et
187 1061 373 1127 accidentium,
397 1080 463 1130 quae
481 1066 653 1117 extensionem
671 1070 897 1131 praesupponunt,
926 1069 956 1114 ut
972 1062 1078 1140 figurae,

144 1139 224 1201 situs,
242 1139 501 1205 motuslocalisetc.,
520 1148 625 1194 vocatur
643 1155 768 1206 corpus.
807 1144 810 1151 '

195 1223 237 1274 An
249 1239 311 1274 vero
325 1240 379 1276 unu
393 1231 420 1277 ct
431 1225 522 1277 cadom
535 1227 682 1277 substantia
694 1229 743 1291 sit,
765 1240 834 1292 quun
847 1228 958 1275 vocatur
969 1239 1041 1276 metas
1056 1230 1083 1273 ot

145 1315 251 1367 corpus,
273 1300 525 1367 anduaadt‘oercae,
540 1300 900 1369 poeteaerdtinpuirendum.

193 1384 267 1436 VIII.
287 1383 450 1448 Substantia,
470 1400 548 1452 quam
557 1401 639 1453 perse
649 1401 751 1438 summe
760 1385 900 1454 perfectam
910 1397 968 1434 esse
982 1383 1082 1434 intelli-

141 1460 242 1527 gimus,
262 1466 288 1511 et
296 1461 329 1511 ixi·
334 1476 386 1526 qua
399 1461 464 1513 nihil
477 1462 553 1529 piane
567 1463 727 1529 concipimus
740 1462 811 1528 quod
824 1461 936 1526 aliquem
950 1458 1080 1511 deiectum

142 1537 195 1589 sive
203 1536 369 1602 perfectionis
378 1536 558 1591 limitationem
567 1539 691 1602 involvat,
710 1540 795 1590 Deus
810 1543 925 1590 vocatur.

193 1623 240 1673 III.
261 1621 350 1684 Quum
364 1621 427 1687 quid
441 1621 551 1675 dicimus
568 1625 596 1674 in
610 1624 719 1675 alicuius
732 1624 769 1674 rei
781 1629 872 1674 natura
885 1621 938 1673 sive
953 1628 1080 1687 conceptu

143 1698 282 1762 contineri,
301 1697 370 1749 idem
384 1703 424 1749 cst
437 1713 466 1750 ac
479 1700 502 1750 si
520 1700 678 1764 dIceremus,
698 1699 726 1751 id
738 1698 769 1750 de
784 1713 814 1750 ea
827 1712 854 1749 rc
871 1712 979 1749 verum
997 1711 1078 1758 csse,

142 1774 194 1827 sire
203 1773 235 1825 de
244 1775 385 1840 ipsaposse
394 1788 452 1828 vere
461 1775 590 1828 affirmari

191 1859 225 1909 X.
245 1860 317 1911 Duae
334 1857 494 1912 substantiae
512 1861 644 1912 realiter
661 1859 821 1925 distingui
840 1858 975 1919 dicuntur,
995 1872 1079 1923 quum

142 1948 312 2000 unaquaeque
321 1948 350 1986 ex
359 1935 423 2002 ipsis
431 1936 529 2004 absque
538 1936 682 2005 aliapotest
691 1936 806 1988 existere.

195 2018 309 2070 Cantasti
322 2021 499 2086 postulata
516 2023 558 2073 dic
572 2024 721 2083 omisimus,
744 2023 807 2087 quia
822 2036 857 2070 erc
870 2021 905 2070 iis
918 2017 987 2069 niio'i
997 2021 1027 2070 in
1039 2033 1079 2068 se-

143 2097 282 2160 quontidue
299 2095 488 2150 concludimus.
524 2099 650 2150 Attamen
667 2098 776 2149 tectores
793 2099 863 2147 serio
880 2110 1020 2161 rogamus,
1048 2099 1081 2144 ut

141 2172 200 2236 ipra
204 2171 348 2238 perlegant
355 2176 435 2239 atque
444 2178 547 2226 attenta
554 2174 725 2226 meditatione
735 2173 907 2224 considerent.

489 2329 724 2391 Axiottatn.

191 2459 214 2510 1.
236 2459 267 2510 In
286 2459 459 2524 cognitionem
476 2470 503 2514 ct
521 2463 702 2515 certitudInem
720 2463 757 2514 rci
775 2464 877 2528 ignotae
895 2474 947 2512 non
960 2458 1079 2526 pervcni-

143 2547 216 2597 mus‚
235 2535 287 2586 nisi
295 2550 342 2601 pcr
351 2538 523 2603 cognitionem
531 2546 558 2591 ot
566 2539 747 2593 certitudinem
755 2539 861 2590 alterius
870 2550 936 2604 quae
945 2536 1002 2603 ipsa
1009 2534 1079 2602 prior

143 2615 182 2661 est
190 2611 343 2663 certitudine
353 2618 379 2664 et
387 2615 541 2681 cognitione.

192 2696 227 2745 II.
251 2697 352 2748 Dantur
368 2699 492 2763 rationes,
516 2715 582 2768 quac
600 2714 649 2752 nos
665 2699 698 2751 de
716 2700 796 2751 nostri
814 2697 928 2766 curpoxIs
947 2695 1078 2749 existentia

141 2767 257 2823 dubitare
266 2771 372 2825 faciunt.

133 2900 136 2908 .
192 2856 248 2908 Hoc
256 2873 286 2908 re
299 2859 358 2924 ipra
370 2861 399 2910 in
407 2860 596 2928 prolegomeno
609 2865 740 2913 rotomum
753 2866 805 2925 est,
826 2859 937 2927 ideoque
952 2864 1077 2923 tanquam

140 2934 251 2984 arrium
258 2935 428 3003 diopom'tw.

177 3017 229 3067 111.
250 3017 283 3070 Si
290 3020 357 3086 qnid
362 3029 594 3092 praeturmcntcm
603 3030 735 3092 etcoxpus
740 3018 891 3078 unumne„
903 3017 935 3068 'ra
944 3017 1086 3064 nonturn-

108 3098 260 3158 nusquam
269 3112 349 3156 mens
359 3109 386 3158 et
395 3117 498 3177 corpus
508 3110 610 3160 notum
620 3109 672 3158 est.

461 3338 553 3349 *-
