2266 3406
461 187 648 234 amaranto.
990 201 1024 241 xl

83 363 213 425 dedisset,
234 375 279 414 eos
288 363 399 425 remisit,
419 363 489 429 quod
498 364 548 430 ipsi
558 379 610 416 non
624 378 690 430 opus
704 371 799 416 essent.
835 362 928 414 Eidem
942 378 1024 430 quum

84 448 225 517 Spinozam
234 447 362 500 bonorum
371 447 492 500 heredem
506 454 659 501 testamento
672 448 748 501 vellet
762 448 888 511 scribere,
907 448 1024 516 philoso-

83 534 154 602 phas
163 535 255 595 suasit,
274 548 307 585 ne
316 533 419 585 tratrem
427 533 548 585 heredem
557 535 702 600 legitimum
711 534 868 601 praeteriret.
904 534 1024 586 llleolre-

84 621 161 683 divit,
182 619 228 671 sed
237 620 272 671 ita
281 626 311 671 ut
320 621 444 687 Spinozac
453 619 487 671 ad
499 620 578 671 vitam
589 619 656 671 bene
669 618 864 672 sustentandam
874 621 936 672 certi
944 612 1024 671 annui

84 706 186 759 reditus
195 706 394 771 assignarentur.
428 705 517 767 Quum
526 704 639 756 Simonis
648 704 725 756 irater
732 705 756 755 ei
767 704 815 756 500
826 705 937 757 florenos
947 703 1024 756 oller-

84 798 138 854 ret,
158 806 211 843 non
228 791 278 842 nisi
293 790 343 842 300
361 789 468 851 sumsit,
488 790 534 855 qui
546 789 579 840 ad
593 795 702 841 mortem
720 804 804 855 usqua
822 790 846 842 ai
864 791 938 857 pensi
951 798 1021 841 sunt.
1092 794 1093 798 ’

83 875 174 928 Libris
183 876 215 928 de
223 876 358 943 principiis
367 873 572 941 philosophiaaa.
582 875 805 927 1663.ettractatu
816 875 1024 942 theologico-po-

82 962 157 1013 litico
167 976 190 1013 a.
202 962 278 1014 roto.
289 960 367 1012 editis
376 961 500 1027 Spinozae
510 959 586 1022 lama,
602 960 698 1011 summi
708 960 864 1028 philosophi,
875 963 922 1013 riri
930 977 1023 1028 magua

83 1047 190 1113 ingenio
200 1047 359 1111 scientiaque
368 1047 464 1109 ornati,
484 1059 530 1112 per
540 1059 630 1097 omnes
639 1044 692 1097 lere
701 1046 819 1113 Europae
828 1055 908 1099 terras
921 1062 1024 1114 percre-

84 1133 154 1185 buit.
170 1135 305 1193 Patronos,
316 1132 422 1194 amicos,
433 1131 600 1184 admiratores
609 1137 699 1184 nactus
709 1138 748 1184 est
757 1133 863 1184 multos.
883 1136 954 1185 Inter
962 1134 1024 1186 Bel-

84 1218 321 1287 gasnolrilissimus
334 1218 460 1270 lohannes
474 1219 505 1269 de
516 1218 650 1282 Witt25),
668 1216 935 1284 sementationem)
951 1219 984 1270 al.
1000 1220 1022 1270 ei

85 1313 160 1358 erant
169 1305 383 1356 coniunctissimi.
420 1306 490 1355 lnter
500 1311 597 1356 exteros
612 1310 664 1355 tres
675 1304 794 1356 videntur
806 1304 1023 1355 commemorandi

85 1405 155 1444 csse.
191 1390 467 1457 Ludovicacsprdnocps
478 1389 627 1450 Conclusae,
637 1389 664 1440 in
673 1389 741 1441 bello
753 1389 884 1441 Gallorum
894 1403 953 1439 cum
963 1389 1024 1439 Bel-

84 1477 127 1543 gis
141 1477 280 1542 imperator
294 1489 361 1527 anno
378 1475 454 1527 tota.
469 1475 600 1526 Ultraiecti
614 1480 742 1536 samatus,
763 1475 900 1542 Spinonem
913 1474 945 1527 de
958 1475 1023 1526 lucio

83 1575 164 1613 nosse
173 1567 199 1612 et
213 1575 273 1612 cum
287 1575 317 1613 eo
332 1561 462 1628 disputare
476 1561 503 1611 in
516 1560 583 1611 votis
595 1558 700 1622 habuit,
720 1559 798 1624 idque
811 1559 906 1627 Stupro
919 1560 1023 1611 tribano

84 1648 201 1700 militum
218 1647 395 1699 intercessore.
409 1647 453 1712 Ἠ)
490 1647 599 1712 Spinoza
616 1644 649 1696 ab
667 1645 716 1696 hoc
734 1660 780 1712 por
797 1645 883 1697 literas
901 1646 1023 1698 invitatus

83 1735 159 1800 Haga
168 1733 299 1800 profectus
309 1739 357 1783 est.
394 1731 445 1783 scd
453 1732 574 1798 princeps
583 1730 660 1797 paulo
669 1737 728 1782 anta
738 1733 853 1782 Treiecto
865 1730 962 1783 abierat
975 1746 1022 1782 no-

83 1818 432 1886 gotiisaliisrevocatus.²⁸)
469 1817 579 1883 Spinoza
587 1815 620 1867 ab
629 1817 771 1867 Francisco
783 1817 815 1867 de
824 1817 1021 1882 balsameum,

82 1904 181 1971 Stupic
191 1903 224 1954 al.
235 1902 374 1954 honorilice
384 1908 503 1969 exceptus
511 1916 557 1968 per
567 1901 622 1952 dies
631 1901 757 1966 quosdam
768 1902 916 1954 Condacum
930 1902 1023 1954 frustm

84 1989 250 2055 exspectavit.
288 1986 699 2054 Stupiusmandanteprincipcei
710 1986 975 2043 consiliumdederat‚
993 1996 1023 2038 ut

85 2073 217 2126 Ludorico
227 2074 295 2124 XIV.
308 2073 440 2124 Gallorum
450 2073 502 2137 regi
511 2072 607 2123 librum
617 2072 755 2136 dedicaret,
768 2087 819 2138 quo
829 2086 944 2123 annuum
954 2073 1023 2123 acci-

83 2166 157 2226 peret
172 2158 340 2221 heneficium,
361 2157 432 2223 quod
440 2157 597 2209 Benedictus
610 2159 702 2210 noluit.
712 2159 755 2223 ²⁹)
790 2158 890 2223 liugom
903 2158 982 2209 redux
995 2160 1022 2208 in

84 2245 223 2313 proditoris
241 2244 418 2310 suspicionem
435 2251 550 2308 venerat,
570 2243 615 2295 ubi
630 2243 785 2312 philosopho
799 2243 875 2310 digne
889 2257 917 2295 se
931 2246 1021 2309 gessit.

136 2477 171 2526 25)
191 2474 226 2518 0h
237 2474 287 2517 eius
303 2474 397 2518 caedem
411 2478 444 2516 20.
454 2475 512 2530 Aug.
523 2478 581 2520 toll.
592 2476 667 2532 plebis
682 2475 762 2519 lurore
776 2473 862 2518 iactam
873 2473 971 2528 Spiuoza
987 2474 1022 2515 la-

85 2534 172 2578 crimas
183 2532 294 2578 effudisse
304 2533 396 2577 dicitur.
424 2533 491 2578 doni.
503 2533 526 2575 Iu
537 2533 572 2575 uic
582 2537 609 2577 de
620 2532 725 2589 Spinora
734 2545 756 2590 p.
767 2535 800 2576 ³3.

135 2594 172 2645 26)
189 2592 223 2635 Ad
234 2604 287 2635 eum
297 2592 433 2637 ralercndao
443 2599 497 2638 sunt
507 2595 572 2648 epist.
582 2595 668 2637 ‘lu-²8.

136 2653 170 2704 2η
190 2650 281 2706 Stoupe
291 2653 384 2707 scripsit
398 2651 439 2707 „la
449 2651 547 2705 religion
561 2654 601 2698 dos
612 2653 748 2698 llollandais
763 2655 911 2709 representes
926 2665 955 2697 on
969 2652 1018 2708 plu-

84 2715 162 2758 sieurs
176 2711 256 2756 lettres
271 2711 355 2755 coritas
369 2723 412 2766 par
426 2723 456 2754 un
472 2711 562 2756 alliciar
576 2714 604 2757 de
617 2712 714 2758 l’armec
729 2714 759 2757 du
773 2713 815 2756 lloi
831 2715 886 2756 aun
897 2718 992 2768 pasteur
1001 2718 1024 2754 et

83 2770 222 2828 professeur
232 2783 261 2816 en
275 2770 392 2825 theologie
406 2771 435 2814 da
444 2770 527 2816 Beroe.
537 2772 556 2816 A
566 2771 669 2828 Gologne
679 2771 756 2815 1⁶73st⁴
767 2774 800 2815 12.
811 2778 882 2829 atque
891 2769 1024 2826 reprobavit

83 2839 107 2877 et
119 2831 232 2886 Spinozae
242 2829 371 2874 doctrinam
382 2836 404 2874 ot
413 2830 561 2887 Belgicorum
571 2832 750 2887 magistratuum
760 2831 936 2887 indulgentiam.

135 2890 170 2941 28)
190 2889 289 2945 Baylr'ar
303 2887 320 2931 l.
334 2887 349 2931 l.
364 2900 388 2945 p.
402 2891 449 2933 25¹1.
465 2890 585 2934 strattona
598 2903 621 2946 p.
631 2893 663 2934 11.
680 2890 804 2945 Spinozam
819 2891 946 2947 principem
961 2887 1023 2932 Con-

83 2953 170 2994 dacum
185 2950 269 2994 vidisse
283 2955 307 2993 et
320 2953 368 2993 tres
381 2948 432 2992 dies
446 2950 508 3004 apud
522 2963 576 2995 sum
591 2955 762 2994 commoratum
777 2962 829 2995 esse
839 2950 950 2994 referunt.
978 2946 1022 2990 Sed

82 3009 153 3054 falso.
180 3008 247 3054 Cous.
259 3007 333 3050 Celer.
343 3020 365 3063 p.
376 3010 421 3050 625.
433 3021 468 3064 sq.

135 3069 169 3120 29)
188 3068 331 3113 laudaticum
340 3067 400 3112 xlv.
412 3067 490 3112 multis
502 3074 633 3112 exterorum
644 3067 698 3112 viris
708 3068 782 3113 doctis
796 3067 910 3114 hanelieia
925 3075 1023 3109 conces-

81 3128 143 3171 sissa
153 3133 248 3172 constat.
277 3127 324 3171 Vid.
338 3126 412 3171 Celer.
423 3140 445 3187 ρ.
456 3128 502 3173 626.
514 3126 602 3189 arefac.
614 3130 652 3174 dra
662 3142 758 3174 erretur
769 3131 894 3187 clepit·
