2266 3406
468 160 659 207 rmtttrerltt·
991 178 1033 219 xv

127 340 275 391 Praeterea
293 336 318 387 oi
332 334 432 387 diutius
444 336 560 400 vixisset,
582 340 709 403 ‚pampro
722 337 891 405 philosophia
905 342 1031 405 speranda

82 426 188 489 tuimet,
211 419 439 490 quemadmodum
448 423 523 475 variis
532 423 596 474 locis
605 425 632 474 in
642 430 749 475 tractatu
759 423 791 475 66
801 423 979 475 emendatione
988 426 1031 476 in-

83 512 203 565 telleetus
217 507 375 561 meminit.“
398 506 474 558 Geni.
490 522 550 575 epp.
561 509 603 560 63.
615 509 657 560 ot.
672 509 818 575 Algelram
830 524 934 576 quoquc
950 508 1030 572 „hre-

81 592 447 661 rtopietmegioiutelligihili
455 592 577 645 methodo
587 600 612 645 et
620 595 670 645 alia
679 594 753 661 plura
763 609 840 661 opera
854 595 967 647 scrihere
980 595 1029 647 sihi

81 686 274 752 proposuerat,
294 678 514 743 quemadmodum
523 679 586 730 rarii
599 680 741 731 amicorum
754 681 853 747 pluries
865 681 898 733 ah
912 683 968 749 ipso
983 697 1030 732 nu-

80 768 239 823 dirernut.“
277 763 337 816 vid.
348 764 455 831 praefat.
465 763 498 816 ad
507 779 568 831 opp.
579 763 666 831 posth.
677 765 738 816 fine.

126 853 312 919 intersparsa
321 854 422 918 scripte
431 850 484 902 duo
493 851 601 903 maxime
611 849 744 902 reserenda
752 859 826 903 suut:

130 940 159 992 1.
200 936 428 1004 ‚‚Lucie'Aatietii
436 936 584 988 Constantis
593 935 625 986 de
638 938 697 986 iore
713 936 950 990 ecelesiasticorum
964 942 1031 990 libor

80 1025 249 1092 mlum,
274 1035 327 1087 quo
345 1020 465 1085 docetur,
491 1022 674 1088 quodcumque
693 1020 772 1074 dirini
789 1022 948 1089 humanique
966 1025 1030 1076 iuris

82 1108 272 1164 ecelesiasticis
281 1105 404 1158 tribuitur
412 1106 452 1160 rel
461 1109 511 1173 ipsi
521 1107 571 1159 sihi
585 1107 719 1169 tribuunt,
737 1107 786 1158 hoc
799 1115 844 1159 aut
857 1109 921 1160 falso
935 1111 1029 1177 impie·

82 1195 213 1264 queipsis
221 1191 304 1245 trihui
312 1198 359 1243 aut
371 1206 423 1243 non
432 1192 535 1244 aliunde
545 1207 623 1258 quam
636 1206 650 1243 6
664 1193 719 1244 suis
732 1193 750 1244 i.
762 1207 786 1245 c.
802 1194 858 1246 eius
872 1195 1029 1261 reipublicae

82 1285 132 1337 eise
141 1279 263 1335 civitatis
271 1277 385 1345 prediis,
404 1278 432 1329 in
440 1293 491 1344 qua
501 1285 563 1330 sunt
577 1279 722 1341 constituti,
742 1281 883 1346 accepisse.
919 1273 1032 1334 hietho-¹

83 1369 133 1436 poli
151 1364 230 1435 apud
248 1363 340 1415 Caium
358 1362 488 1415 Valerium
506 1365 661 1416 Pennatum.
691 1365 791 1417 toot.“
819 1365 844 1416 8.
872 1379 946 1432 pagg.
968 1366 1027 1421 162.

82 1451 210 1506 Defendit
229 1449 340 1516 scriptor
357 1455 469 1515 systema
487 1450 558 1515 quod
575 1449 666 1501 dicunt
683 1451 834 1503 territoriale
854 1451 957 1516 (eodem
975 1452 1028 1505 fere

82 1538 161 1591 modo
183 1549 238 1603 quo
254 1533 406 1586 Hohhesius
419 1536 446 1586 in
465 1535 603 1593 Leriathan
617 1536 691 1600 suo),
715 1536 834 1603 inprimis
849 1543 938 1589 contm
950 1539 1028 1589 Bata-

83 1638 176 1677 rorum
205 1621 328 1685 clericos,
361 1622 407 1687 qui
429 1622 627 1673 Arausiensium
655 1621 767 1673 fautores
794 1628 882 1673 contra
904 1623 1026 1675 Wittium

57 1726 61 1735 ·
83 1711 210 1763 dixerant.
247 1706 359 1775 Baptista
369 1707 488 1772 (diction.
498 1708 561 1758 hist.
572 1713 597 1758 et
607 1707 663 1758 crit.
674 1714 694 1759 t.
705 1700 750 1759 lv.
761 1723 787 1775 p.
800 1709 861 1763 258.
869 1708 914 1773 L.)
924 1716 1027 1776 propter

83 1793 220 1848 scribendi
238 1806 322 1857 genus
340 1799 366 1844 et
382 1799 563 1859 argumentum
581 1791 651 1844 hune
669 1792 768 1844 iihrum
789 1795 931 1846 Benedicta
954 1795 1023 1846 attri-

84 1881 207 1945 1666636)
244 1877 296 1929 Sed
306 1878 480 1946 Spinozaipse
490 1878 522 1930 ah
532 1877 624 1930 amicis
637 1877 794 1944 quibusdam
812 1879 983 1945 intermgatus
998 1895 1026 1930 se

83 1974 218 2020 auctorem
228 1977 286 2015 esse
295 1965 404 2029 negavit.
423 1962 498 2015 Conl.
510 1963 595 2015 Color.
605 1980 632 2032 p.
644 1964 703 2016 633.
718 1963 758 2015 La
767 1967 808 2015 oie
817 1964 849 2016 da
858 1964 933 2031 Spin.
943 1979 970 2031 p.
981 1967 1024 2017 66.

84 2052 138 2104 Alii
148 2050 284 2103 todooteo
293 2048 414 2116 6169666,
434 2050 478 2101 alii
488 2050 578 2101 Herm.
588 2049 715 2112 Schello'o,
736 2048 780 2100 alii
789 2048 906 2116 plerique
920 2049 1024 2102 666666

84 2153 137 2189 666
151 2133 289 2198 denlloos
298 2132 343 2200 (do
357 2135 384 2186 la
400 2134 494 2202 Gouot)
507 2135 680 2200 assignarunt.
717 2132 775 2186 vid.
787 2133 901 2185 6666666.
916 2140 1024 2188 tentam.

86 2221 174 2274 theod.
185 2222 237 2272 lll.
248 2221 275 2284 5.
286 2219 346 2271 375.
365 2220 405 2271 Le
414 2223 455 2271 oie
464 2220 496 2271 de
505 2219 580 2288 Spin.
590 2235 619 2287 p.
628 2221 671 2273 46.
691 2219 722 2271 de
732 2218 809 2272 Mater·
817 2219 836 2270 l.
846 2220 865 2270 l.
875 2234 902 2287 p.
914 2220 956 2272 30.
966 2222 1009 2285 3ἵ)

87 2342 260 2354 ...φ-..-

136 2407 172 2460 36)
186 2405 253 2451 Idem
269 2413 409 2452 censuerunt
422 2405 441 2449 l.
456 2404 484 2448 Α.
501 2404 635 2464 ortlofs,
650 2406 781 2451 llandbueh
796 2408 836 2451 der
847 2404 971 2450 laceratur
984 2411 1026 2451 der

85 2466 174 2510 Philon.
189 2466 208 2512 1.
225 2463 296 2507 Atto.
310 2478 333 2521 p.
348 2470 394 2509 213.
424 2466 504 2509 Coroll
515 2471 537 2508 et
551 2467 634 2518 ilices,
649 2468 749 2523 Spinoza
763 2467 848 2511 revit'd
862 2478 889 2511 er
902 2481 916 2513 a
930 2469 1025 2513 tremiss

84 2527 184 2584 proving
193 2526 232 2570 the
242 2525 305 2569 hcoh
314 2526 407 2572 entitled
423 2527 471 2571 The
486 2526 558 2582 rights
573 2527 599 2572 ol
611 2528 650 2572 the
660 2526 776 2572 Christian
787 2524 874 2571 church
890 2532 933 2572 ete.
948 2527 971 2572 in
986 2527 1025 2571 the

84 2590 150 2631 most
163 2584 285 2629 notorious
299 2593 362 2641 parts
377 2587 403 2631 ol
415 2585 433 2630 it
448 2592 470 2630 to
483 2585 514 2630 he
527 2583 566 2630 the
580 2599 646 2631 same
659 2586 713 2630 with
724 2582 851 2640 spinosos
864 2586 937 2642 rights
947 2586 974 2631 ol
986 2587 1026 2631 the

85 2643 303 2699 constructores,
323 2646 368 2690 aad
383 2646 433 2690 that
445 2645 503 2690 both
517 2645 543 2689 oi
556 2645 619 2691 them
633 2659 674 2692 are
688 2645 807 2702 grounded
821 2657 884 2701 upon
898 2646 1025 2702 downright

86 2705 201 2760 atheism;
216 2709 240 2746 to
249 2703 323 2749 which
333 2705 352 2750 is
362 2705 437 2750 added
447 2718 460 2749 a
470 2705 620 2761 preliminary
634 2706 755 2751 discourse
769 2702 868 2762 relating
881 2711 906 2750 to
920 2707 959 2751 the
973 2704 1023 2751 said

84 2764 162 2809 books
171 2763 202 2818 hy
211 2763 251 2807 the
260 2765 370 2809 reverend
380 2766 420 2809 Dr.
432 2764 521 2821 Georgo
530 2764 609 2809 llichs.
639 2764 711 2810 hond.
723 2767 781 2807 troo.
808 2768 828 2808 8.

136 2823 172 2875 31)
186 2823 248 2866 Dum
259 2822 316 2868 haee
326 2824 407 2869 formis
423 2825 609 2877 excudebantur,
629 2823 653 2869 in
666 2837 750 2869 manus
764 2836 829 2869 meas
842 2824 952 2870 ueniebat
965 2823 1025 2868 liber

85 2881 276 2926 recentissimus:
295 2883 396 2938 „Renati
411 2884 451 2929 des
462 2885 542 2929 cartes
561 2888 585 2927 et
597 2883 717 2929 Benedicti
735 2884 764 2929 de
778 2885 878 2940 Spinoza
897 2883 1023 2940 praecipua

84 2953 158 2997 opera
177 2939 338 2996 philosophica
352 2945 487 3000 recognovit
503 2943 598 2988 notitias
618 2943 920 2999 historico-philosophicas
938 2941 1024 2986 adiecit

83 3001 127 3045 Dr.
140 2999 239 3041 Carolus
248 2999 357 3046 ltierlel.“
382 3004 432 3048 Vol.
447 3003 466 3049 1.
481 3002 577 3049 Cartesii
592 3003 755 3050 meditationes
770 3009 794 3048 ct
807 3003 921 3058 Spiaozae
935 3001 1024 3045 disser-

83 3059 186 3104 tationes
200 3059 375 3118 philosophicae
389 3063 427 3117 (de
442 3063 605 3109 emendatione
619 3060 763 3117 intellectus,
779 3066 891 3106 tractatus
906 3059 1022 3116 politicus.

82 3118 174 3161 deiure
187 3119 417 3176 ecclesiasticorum).
448 3123 495 3170 Vol.
508 3123 539 3170 ll.
552 3122 768 3184 SpiuozteEth‘tea.
785 3120 920 3180 16666666.
936 3121 972 3162 t‘l.
997 3118 1028 3161 iu
