<?xml version="1.0" encoding="UTF-8"?>
<!DOCTYPE html PUBLIC "-//W3C//DTD XHTML 1.0 Transitional//EN"
    "http://www.w3.org/TR/xhtml1/DTD/xhtml1-transitional.dtd">
<html xmlns="http://www.w3.org/1999/xhtml" xml:lang="en" lang="en">
 <head>
  <title>
</title>
<meta http-equiv="Content-Type" content="text/html;charset=utf-8" />
  <meta name='ocr-system' content='tesseract 3.04.00' />
  <meta name='ocr-capabilities' content='ocr_page ocr_carea ocr_par ocr_line ocrx_word'/>
</head>
<body>
  <div class='ocr_page' id='page_1' title='image "benedictidespin01brudgoog_0056.png"; bbox 0 0 2266 3406; ppageno 0'>
   <div class='ocr_carea' id='block_1_1' title="bbox 494 155 1022 217">
    <p class='ocr_par' dir='ltr' id='par_1_1' title="bbox 494 155 1022 217">
     <span class='ocr_line' id='line_1_1' title="bbox 494 155 1022 217; baseline -0.002 -16"><span class='ocrx_word' id='word_1_1' title='bbox 494 155 576 201; x_wconf 77' lang='lat' dir='ltr'><strong>eres</strong></span> <span class='ocrx_word' id='word_1_2' title='bbox 594 156 614 200; x_wconf 85' lang='lat' dir='ltr'><strong>r.</strong></span> <span class='ocrx_word' id='word_1_3' title='bbox 983 157 1022 217; x_wconf 80' lang='lat'><strong>25</strong></span> 
     </span>
    </p>
   </div>
   <div class='ocr_carea' id='block_1_2' title="bbox 42 329 1025 1759">
    <p class='ocr_par' dir='ltr' id='par_1_2' title="bbox 81 329 1025 1013">
     <span class='ocr_line' id='line_1_2' title="bbox 82 329 1025 400; baseline 0.001 -16"><span class='ocrx_word' id='word_1_4' title='bbox 82 341 160 389; x_wconf 74' lang='lat' dir='ltr'><strong>eunte</strong></span> <span class='ocrx_word' id='word_1_5' title='bbox 178 330 252 400; x_wconf 72' lang='lat' dir='ltr'><strong>qued</strong></span> <span class='ocrx_word' id='word_1_6' title='bbox 258 331 412 383; x_wconf 73' lang='lat' dir='ltr'><strong>etiterum</strong></span> <span class='ocrx_word' id='word_1_7' title='bbox 421 329 544 391; x_wconf 61' lang='lat' dir='ltr'><strong>velem,</strong></span> <span class='ocrx_word' id='word_1_8' title='bbox 562 346 595 382; x_wconf 82' lang='lat' dir='ltr'><strong>rte</strong></span> <span class='ocrx_word' id='word_1_9' title='bbox 603 330 784 398; x_wconf 66' lang='lat' dir='ltr'><strong>deceperetm</strong></span> <span class='ocrx_word' id='word_1_10' title='bbox 800 330 885 383; x_wconf 64' lang='lat' dir='ltr'><strong>meta</strong></span> <span class='ocrx_word' id='word_1_11' title='bbox 894 338 1025 399; x_wconf 76' lang='lat' dir='ltr'><strong>mpieerr&#39;t</strong></span> 
     </span>
     <span class='ocr_line' id='line_1_3' title="bbox 81 406 1023 476; baseline -0.003 -13"><span class='ocrx_word' id='word_1_12' title='bbox 81 411 254 476; x_wconf 67' lang='lat' dir='ltr'><strong>intelligmp</strong></span> <span class='ocrx_word' id='word_1_13' title='bbox 271 406 303 458; x_wconf 81' lang='lat' dir='ltr'><strong>dr</strong></span> <span class='ocrx_word' id='word_1_14' title='bbox 317 407 435 459; x_wconf 74' lang='lat' dir='ltr'><strong>mites</strong></span> <span class='ocrx_word' id='word_1_15' title='bbox 447 421 516 472; x_wconf 78' lang='lat' dir='ltr'><strong>puae</strong></span> <span class='ocrx_word' id='word_1_16' title='bbox 530 408 680 473; x_wconf 73' lang='lat' dir='ltr'><strong>intelligere</strong></span> <span class='ocrx_word' id='word_1_17' title='bbox 692 412 862 474; x_wconf 72' lang='lat' dir='ltr'><strong>conpeteret</strong></span> <span class='ocrx_word' id='word_1_18' title='bbox 877 408 1023 471; x_wconf 76' lang='lat' dir='ltr'><strong>dubitarit,-</strong></span> 
     </span>
     <span class='ocr_line' id='line_1_4' title="bbox 82 483 1024 550; baseline -0.004 -10"><span class='ocrx_word' id='word_1_19' title='bbox 82 483 588 550; x_wconf 67' lang='lat' dir='ltr'><strong>mtminirrmpeeuffirmaritr</strong></span> <span class='ocrx_word' id='word_1_20' title='bbox 606 486 693 535; x_wconf 81' lang='lat' dir='ltr'><em>onmia</em></span> <span class='ocrx_word' id='word_1_21' title='bbox 702 484 806 549; x_wconf 79' lang='lat' dir='ltr'><strong>reliqua</strong></span> <span class='ocrx_word' id='word_1_22' title='bbox 814 487 1024 550; x_wconf 79' lang='lat' dir='ltr'><strong>negariiettan·</strong></span> 
     </span>
     <span class='ocr_line' id='line_1_5' title="bbox 83 561 1024 633; baseline 0 -20"><span class='ocrx_word' id='word_1_23' title='bbox 83 561 249 633; x_wconf 61' lang='lat' dir='ltr'><strong>pentiselea</strong></span> <span class='ocrx_word' id='word_1_24' title='bbox 256 561 397 623; x_wconf 61' lang='lat' dir='ltr'><strong>widemir</strong></span> <span class='ocrx_word' id='word_1_25' title='bbox 413 561 638 625; x_wconf 81' lang='lat' dir='ltr'><strong>rnsltapueetr&#39;am</strong></span> <span class='ocrx_word' id='word_1_26' title='bbox 646 563 745 611; x_wconf 69' lang='lat' dir='ltr'><strong>invitus</strong></span> <span class='ocrx_word' id='word_1_27' title='bbox 752 562 1024 628; x_wconf 67' lang='lat' dir='ltr'><strong>irrrugrirrctresfuerit,⁴</strong></span> 
     </span>
     <span class='ocr_line' id='line_1_6' title="bbox 84 635 1022 705; baseline 0.002 -17"><span class='ocrx_word' id='word_1_28' title='bbox 84 657 118 693; x_wconf 73' lang='grc' dir='ltr'><strong>ιο</strong></span> <span class='ocrx_word' id='word_1_29' title='bbox 128 640 243 705; x_wconf 64' lang='lat' dir='ltr'><strong>dariique</strong></span> <span class='ocrx_word' id='word_1_30' title='bbox 256 635 342 689; x_wconf 74' lang='lat' dir='ltr'><strong>multa</strong></span> <span class='ocrx_word' id='word_1_31' title='bbox 354 640 481 702; x_wconf 68' lang='lat' dir='ltr'><strong>tanqum</strong></span> <span class='ocrx_word' id='word_1_32' title='bbox 494 651 510 687; x_wconf 85' lang='lat' dir='ltr'><strong>rr</strong></span> <span class='ocrx_word' id='word_1_33' title='bbox 523 637 641 687; x_wconf 70' lang='lat' dir='ltr'><strong>remittes</strong></span> <span class='ocrx_word' id='word_1_34' title='bbox 652 638 784 688; x_wconf 68' lang='lat' dir='ltr'><strong>emmila</strong></span> <span class='ocrx_word' id='word_1_35' title='bbox 796 637 1022 690; x_wconf 73' lang='lat' dir='ltr'><strong>ursimadrrrtere&#39;t.</strong></span> 
     </span>
     <span class='ocr_line' id='line_1_7' title="bbox 84 711 1024 781; baseline -0.003 -12"><span class='ocrx_word' id='word_1_36' title='bbox 84 717 229 781; x_wconf 76' lang='lat' dir='ltr'><strong>Quumque</strong></span> <span class='ocrx_word' id='word_1_37' title='bbox 237 725 267 764; x_wconf 81' lang='lat' dir='ltr'><strong>cr</strong></span> <span class='ocrx_word' id='word_1_38' title='bbox 276 711 385 778; x_wconf 69' lang='lat' dir='ltr'><strong>singulis</strong></span> <span class='ocrx_word' id='word_1_39' title='bbox 397 711 439 764; x_wconf 86' lang='lat' dir='ltr'><strong>his</strong></span> <span class='ocrx_word' id='word_1_40' title='bbox 452 725 533 778; x_wconf 81' lang='lat' dir='ltr'><strong>reque</strong></span> <span class='ocrx_word' id='word_1_41' title='bbox 545 711 675 765; x_wconf 81' lang='lat' dir='ltr'><strong>euidenter</strong></span> <span class='ocrx_word' id='word_1_42' title='bbox 688 726 764 764; x_wconf 83' lang='lat' dir='ltr'><strong>suum</strong></span> <span class='ocrx_word' id='word_1_43' title='bbox 777 712 937 765; x_wconf 82' lang='lat' dir='ltr'><strong>existentium</strong></span> <span class='ocrx_word' id='word_1_44' title='bbox 949 714 1024 766; x_wconf 87' lang='lat' dir='ltr'><strong>colli·</strong></span> 
     </span>
     <span class='ocr_line' id='line_1_8' title="bbox 85 787 1022 859; baseline -0.001 -16"><span class='ocrx_word' id='word_1_45' title='bbox 85 806 160 859; x_wconf 64' lang='lat' dir='ltr'><strong>gere,</strong></span> <span class='ocrx_word' id='word_1_46' title='bbox 178 803 229 843; x_wconf 88' lang='lat' dir='ltr'><strong>nec</strong></span> <span class='ocrx_word' id='word_1_47' title='bbox 245 787 330 841; x_wconf 86' lang='lat' dir='ltr'><strong>ullum</strong></span> <span class='ocrx_word' id='word_1_48' title='bbox 346 787 440 841; x_wconf 87' lang='lat' dir='ltr'><strong>herum</strong></span> <span class='ocrx_word' id='word_1_49' title='bbox 457 789 524 841; x_wconf 87' lang='lat' dir='ltr'><strong>tuter</strong></span> <span class='ocrx_word' id='word_1_50' title='bbox 541 802 586 850; x_wconf 81' lang='lat' dir='ltr'><strong>et,</strong></span> <span class='ocrx_word' id='word_1_51' title='bbox 605 788 713 853; x_wconf 74' lang='lat' dir='ltr'><strong>quaein</strong></span> <span class='ocrx_word' id='word_1_52' title='bbox 731 787 840 841; x_wconf 81' lang='lat' dir='ltr'><strong>dubium</strong></span> <span class='ocrx_word' id='word_1_53' title='bbox 854 798 1022 849; x_wconf 69' lang='lat' dir='ltr'><strong>rerccrwrct,</strong></span> 
     </span>
     <span class='ocr_line' id='line_1_9' title="bbox 86 863 1022 932; baseline -0.001 -13"><span class='ocrx_word' id='word_1_54' title='bbox 86 880 225 923; x_wconf 69' lang='lat' dir='ltr'><strong>neenwre</strong></span> <span class='ocrx_word' id='word_1_55' title='bbox 237 864 366 932; x_wconf 82' lang='lat' dir='ltr'><strong>potuerit,</strong></span> <span class='ocrx_word' id='word_1_56' title='bbox 384 878 414 917; x_wconf 84' lang='lat' dir='ltr'><strong>rc</strong></span> <span class='ocrx_word' id='word_1_57' title='bbox 427 864 540 931; x_wconf 78' lang='lat' dir='ltr'><strong>denique</strong></span> <span class='ocrx_word' id='word_1_58' title='bbox 553 865 640 916; x_wconf 84' lang='lat' dir='ltr'><strong>omnir</strong></span> <span class='ocrx_word' id='word_1_59' title='bbox 651 863 715 917; x_wconf 82' lang='lat' dir='ltr'><strong>haec</strong></span> <span class='ocrx_word' id='word_1_60' title='bbox 727 863 777 916; x_wconf 84' lang='lat' dir='ltr'><strong>sub</strong></span> <span class='ocrx_word' id='word_1_61' title='bbox 790 865 882 919; x_wconf 88' lang='lat' dir='ltr'><strong>eodem</strong></span> <span class='ocrx_word' id='word_1_62' title='bbox 899 866 1022 919; x_wconf 84' lang='lat' dir='ltr'><strong>rttributc</strong></span> 
     </span>
     <span class='ocr_line' id='line_1_10' title="bbox 86 940 1023 1013; baseline 0.001 -18"><span class='ocrx_word' id='word_1_63' title='bbox 86 944 190 1013; x_wconf 75' lang='lat' dir='ltr'><strong>concipi</strong></span> <span class='ocrx_word' id='word_1_64' title='bbox 198 942 314 1010; x_wconf 61' lang='lat' dir='ltr'><strong>pem:</strong></span> <span class='ocrx_word' id='word_1_65' title='bbox 334 940 683 1006; x_wconf 80' lang='lat' dir='ltr'><strong>sequiturcmnichuecrerc</strong></span> <span class='ocrx_word' id='word_1_66' title='bbox 692 941 823 993; x_wconf 84' lang='lat' dir='ltr'><strong>esseeted</strong></span> <span class='ocrx_word' id='word_1_67' title='bbox 837 944 893 995; x_wconf 88' lang='lat' dir='ltr'><strong>eius</strong></span> <span class='ocrx_word' id='word_1_68' title='bbox 905 949 1023 996; x_wconf 75' lang='lat' dir='ltr'><strong>naturum</strong></span> 
     </span>
    </p>

    <p class='ocr_par' dir='ltr' id='par_1_3' title="bbox 42 1016 1024 1240">
     <span class='ocr_line' id='line_1_11' title="bbox 42 1016 1024 1089; baseline -0.002 -17"><span class='ocrx_word' id='word_1_69' title='bbox 42 1042 52 1053; x_wconf 40' lang='lat' dir='ltr'><strong>e</strong></span> <span class='ocrx_word' id='word_1_70' title='bbox 85 1022 227 1089; x_wconf 82' lang='lat' dir='ltr'><strong>pertinere.</strong></span> <span class='ocrx_word' id='word_1_71' title='bbox 261 1016 349 1083; x_wconf 74' lang='lat' dir='ltr'><strong>Atque</strong></span> <span class='ocrx_word' id='word_1_72' title='bbox 362 1017 426 1071; x_wconf 85' lang='lat' dir='ltr'><strong>ndec</strong></span> <span class='ocrx_word' id='word_1_73' title='bbox 439 1016 485 1069; x_wconf 90' lang='lat' dir='ltr'><strong>ubi</strong></span> <span class='ocrx_word' id='word_1_74' title='bbox 499 1017 607 1071; x_wconf 77' lang='lat' dir='ltr'><strong>dixerut:</strong></span> <span class='ocrx_word' id='word_1_75' title='bbox 627 1019 730 1082; x_wconf 80' lang='lat' dir='ltr'><strong>cogito,</strong></span> <span class='ocrx_word' id='word_1_76' title='bbox 751 1031 842 1069; x_wconf 88' lang='lat' dir='ltr'><strong>omnes</strong></span> <span class='ocrx_word' id='word_1_77' title='bbox 855 1018 883 1070; x_wconf 89' lang='lat' dir='ltr'><strong>hi</strong></span> <span class='ocrx_word' id='word_1_78' title='bbox 896 1020 1024 1085; x_wconf 74' lang='lat' dir='ltr'><strong>cogitandi</strong></span> 
     </span>
     <span class='ocr_line' id='line_1_12' title="bbox 86 1092 1022 1161; baseline -0.002 -12"><span class='ocrx_word' id='word_1_79' title='bbox 86 1097 159 1151; x_wconf 82' lang='lat' dir='ltr'><strong>modi</strong></span> <span class='ocrx_word' id='word_1_80' title='bbox 175 1092 399 1160; x_wconf 70' lang='lat' dir='ltr'>intelligebantur,</span> <span class='ocrx_word' id='word_1_81' title='bbox 423 1107 516 1159; x_wconf 87' lang='lat' dir='ltr'><strong>nempe</strong></span> <span class='ocrx_word' id='word_1_82' title='bbox 534 1094 668 1157; x_wconf 78' lang='lat' dir='ltr'><strong>dubitare,</strong></span> <span class='ocrx_word' id='word_1_83' title='bbox 688 1094 851 1159; x_wconf 74' lang='lat' dir='ltr'><strong>intelligere,</strong></span> <span class='ocrx_word' id='word_1_84' title='bbox 879 1097 1022 1161; x_wconf 57' lang='lat' dir='ltr'><strong>(priimam,</strong></span> 
     </span>
     <span class='ocr_line' id='line_1_13' title="bbox 86 1169 720 1240; baseline -0.011 -13"><span class='ocrx_word' id='word_1_85' title='bbox 86 1189 204 1240; x_wconf 73' lang='lat' dir='ltr'><strong>negem-e,</strong></span> <span class='ocrx_word' id='word_1_86' title='bbox 222 1171 301 1236; x_wconf 76' lang='lat' dir='ltr'><strong>colle,</strong></span> <span class='ocrx_word' id='word_1_87' title='bbox 321 1169 405 1230; x_wconf 73' lang='lat' dir='ltr'><strong>rote,</strong></span> <span class='ocrx_word' id='word_1_88' title='bbox 424 1172 720 1235; x_wconf 68' lang='lat' dir='ltr'><strong>imaginarietrmtire.</strong></span> 
     </span>
    </p>

    <p class='ocr_par' dir='ltr' id='par_1_4' title="bbox 85 1245 1025 1759">
     <span class='ocr_line' id='line_1_14' title="bbox 137 1245 1023 1316; baseline -0.002 -15"><span class='ocrx_word' id='word_1_89' title='bbox 137 1248 264 1316; x_wconf 73' lang='lat' dir='ltr'><strong>Apprime</strong></span> <span class='ocrx_word' id='word_1_90' title='bbox 271 1252 359 1299; x_wconf 78' lang='lat' dir='ltr'><strong>entem</strong></span> <span class='ocrx_word' id='word_1_91' title='bbox 372 1245 415 1298; x_wconf 88' lang='lat' dir='ltr'><strong>hic</strong></span> <span class='ocrx_word' id='word_1_92' title='bbox 427 1245 570 1299; x_wconf 76' lang='lat' dir='ltr'><strong>notandum</strong></span> <span class='ocrx_word' id='word_1_93' title='bbox 582 1247 666 1308; x_wconf 80' lang='lat' dir='ltr'><strong>veuit,</strong></span> <span class='ocrx_word' id='word_1_94' title='bbox 685 1246 756 1313; x_wconf 85' lang='lat' dir='ltr'><strong>quud</strong></span> <span class='ocrx_word' id='word_1_95' title='bbox 767 1260 891 1312; x_wconf 72' lang='lat' dir='ltr'><strong>maguum</strong></span> <span class='ocrx_word' id='word_1_96' title='bbox 905 1261 982 1299; x_wconf 85' lang='lat' dir='ltr'><strong>usum</strong></span> <span class='ocrx_word' id='word_1_97' title='bbox 996 1250 1023 1299; x_wconf 90' lang='lat' dir='ltr'><strong>in</strong></span> 
     </span>
     <span class='ocr_line' id='line_1_15' title="bbox 86 1320 1024 1392; baseline -0.005 -13"><span class='ocrx_word' id='word_1_98' title='bbox 86 1323 273 1392; x_wconf 82' lang='lat' dir='ltr'><strong>sequentihus,</strong></span> <span class='ocrx_word' id='word_1_99' title='bbox 291 1321 338 1377; x_wconf 86' lang='lat' dir='ltr'><strong>ubi</strong></span> <span class='ocrx_word' id='word_1_100' title='bbox 347 1322 379 1374; x_wconf 92' lang='lat' dir='ltr'><strong>dc</strong></span> <span class='ocrx_word' id='word_1_101' title='bbox 388 1320 552 1375; x_wconf 87' lang='lat' dir='ltr'><strong>distinctione</strong></span> <span class='ocrx_word' id='word_1_102' title='bbox 565 1323 661 1374; x_wconf 89' lang='lat' dir='ltr'><strong>mentis</strong></span> <span class='ocrx_word' id='word_1_103' title='bbox 674 1336 689 1373; x_wconf 82' lang='lat' dir='ltr'><strong>u</strong></span> <span class='ocrx_word' id='word_1_104' title='bbox 702 1337 807 1389; x_wconf 84' lang='lat' dir='ltr'><strong>corpore</strong></span> <span class='ocrx_word' id='word_1_105' title='bbox 821 1330 923 1388; x_wconf 79' lang='lat' dir='ltr'><strong>egetur,</strong></span> <span class='ocrx_word' id='word_1_106' title='bbox 942 1323 1024 1375; x_wconf 82' lang='lat' dir='ltr'><strong>hehe-</strong></span> 
     </span>
     <span class='ocr_line' id='line_1_16' title="bbox 85 1398 1025 1467; baseline -0.003 -12"><span class='ocrx_word' id='word_1_107' title='bbox 85 1403 140 1464; x_wconf 84' lang='lat' dir='ltr'><strong>lrit;</strong></span> <span class='ocrx_word' id='word_1_108' title='bbox 159 1414 253 1467; x_wconf 87' lang='lat' dir='ltr'><strong>nempe</strong></span> <span class='ocrx_word' id='word_1_109' title='bbox 272 1400 297 1451; x_wconf 91' lang='lat'><strong>1.</strong></span> <span class='ocrx_word' id='word_1_110' title='bbox 312 1400 369 1451; x_wconf 80' lang='lat' dir='ltr'><strong>llus</strong></span> <span class='ocrx_word' id='word_1_111' title='bbox 383 1399 512 1464; x_wconf 75' lang='lat' dir='ltr'><strong>cogitendi</strong></span> <span class='ocrx_word' id='word_1_112' title='bbox 525 1398 617 1450; x_wconf 85' lang='lat' dir='ltr'><strong>modos</strong></span> <span class='ocrx_word' id='word_1_113' title='bbox 630 1398 696 1451; x_wconf 87' lang='lat' dir='ltr'><strong>clere</strong></span> <span class='ocrx_word' id='word_1_114' title='bbox 710 1413 739 1451; x_wconf 85' lang='lat' dir='ltr'><strong>uc</strong></span> <span class='ocrx_word' id='word_1_115' title='bbox 755 1398 875 1451; x_wconf 88' lang='lat' dir='ltr'><strong>distincte</strong></span> <span class='ocrx_word' id='word_1_116' title='bbox 888 1401 944 1451; x_wconf 88' lang='lat' dir='ltr'><strong>sine</strong></span> <span class='ocrx_word' id='word_1_117' title='bbox 962 1400 1025 1452; x_wconf 89' lang='lat' dir='ltr'><strong>reli-</strong></span> 
     </span>
     <span class='ocr_line' id='line_1_17' title="bbox 86 1474 1023 1545; baseline -0.005 -15"><span class='ocrx_word' id='word_1_118' title='bbox 86 1479 164 1545; x_wconf 79' lang='lat' dir='ltr'><strong>quis,</strong></span> <span class='ocrx_word' id='word_1_119' title='bbox 183 1474 569 1542; x_wconf 77' lang='lat' dir='ltr'><strong>dequibusedlrucdubitutur,</strong></span> <span class='ocrx_word' id='word_1_120' title='bbox 588 1475 706 1541; x_wconf 72' lang='lat' dir='ltr'><strong>intelligi.</strong></span> <span class='ocrx_word' id='word_1_121' title='bbox 741 1477 768 1529; x_wconf 75' lang='lat'><strong>2.</strong></span> <span class='ocrx_word' id='word_1_122' title='bbox 783 1475 881 1527; x_wconf 83' lang='lat' dir='ltr'><strong>Eorum</strong></span> <span class='ocrx_word' id='word_1_123' title='bbox 891 1476 987 1527; x_wconf 82' lang='lat' dir='ltr'><strong>clerum</strong></span> <span class='ocrx_word' id='word_1_124' title='bbox 998 1483 1023 1526; x_wconf 88' lang='lat' dir='ltr'><strong>et</strong></span> 
     </span>
     <span class='ocr_line' id='line_1_18' title="bbox 86 1550 1022 1618; baseline -0.005 -11"><span class='ocrx_word' id='word_1_125' title='bbox 86 1554 240 1607; x_wconf 86' lang='lat' dir='ltr'><strong>distinctum</strong></span> <span class='ocrx_word' id='word_1_126' title='bbox 249 1550 461 1618; x_wconf 82' lang='lat' dir='ltr'><strong>quemhrbemus</strong></span> <span class='ocrx_word' id='word_1_127' title='bbox 471 1559 633 1618; x_wconf 86' lang='lat' dir='ltr'><strong>conceptum,</strong></span> <span class='ocrx_word' id='word_1_128' title='bbox 649 1551 788 1603; x_wconf 82' lang='lat' dir='ltr'><strong>obscurum</strong></span> <span class='ocrx_word' id='word_1_129' title='bbox 796 1559 874 1618; x_wconf 84' lang='lat' dir='ltr'><strong>etque</strong></span> <span class='ocrx_word' id='word_1_130' title='bbox 884 1552 1022 1604; x_wconf 81' lang='lat' dir='ltr'><strong>contusum</strong></span> 
     </span>
     <span class='ocr_line' id='line_1_19' title="bbox 87 1626 1024 1694; baseline -0.002 -12"><span class='ocrx_word' id='word_1_131' title='bbox 87 1629 175 1692; x_wconf 90' lang='lat' dir='ltr'><strong>reddi,</strong></span> <span class='ocrx_word' id='word_1_132' title='bbox 193 1629 259 1683; x_wconf 89' lang='lat' dir='ltr'><strong>siiis</strong></span> <span class='ocrx_word' id='word_1_133' title='bbox 267 1628 367 1694; x_wconf 82' lang='lat' dir='ltr'><strong>ulique,</strong></span> <span class='ocrx_word' id='word_1_134' title='bbox 387 1628 524 1694; x_wconf 84' lang='lat' dir='ltr'><strong>dequibus</strong></span> <span class='ocrx_word' id='word_1_135' title='bbox 534 1627 617 1681; x_wconf 84' lang='lat' dir='ltr'><strong>adhuc</strong></span> <span class='ocrx_word' id='word_1_136' title='bbox 631 1626 793 1689; x_wconf 78' lang='lat' dir='ltr'><strong>dubitamus,</strong></span> <span class='ocrx_word' id='word_1_137' title='bbox 813 1627 956 1680; x_wconf 74' lang='lat' dir='ltr'><strong>adscribere</strong></span> <span class='ocrx_word' id='word_1_138' title='bbox 968 1628 1024 1680; x_wconf 82' lang='lat' dir='ltr'><strong>vel-</strong></span> 
     </span>
     <span class='ocr_line' id='line_1_20' title="bbox 86 1706 183 1759; baseline -0.021 -1"><span class='ocrx_word' id='word_1_139' title='bbox 86 1706 183 1759; x_wconf 86' lang='lat' dir='ltr'><strong>lemus.</strong></span> 
     </span>
    </p>
   </div>
   <div class='ocr_carea' id='block_1_3' title="bbox 308 1841 804 1901">
    <p class='ocr_par' dir='ltr' id='par_1_5' title="bbox 308 1841 804 1901">
     <span class='ocr_line' id='line_1_21' title="bbox 308 1841 804 1901; baseline 0.004 -9"><span class='ocrx_word' id='word_1_140' title='bbox 308 1843 357 1893; x_wconf 89' lang='lat'>111.</span> <span class='ocrx_word' id='word_1_141' title='bbox 392 1841 571 1897; x_wconf 67' lang='lat' dir='ltr'><strong>liberationi</strong></span> <span class='ocrx_word' id='word_1_142' title='bbox 581 1842 804 1901; x_wconf 76' lang='lat' dir='ltr'><strong>omniburduiiir.</strong></span> 
     </span>
    </p>
   </div>
   <div class='ocr_carea' id='block_1_4' title="bbox 83 1933 1023 3150">
    <p class='ocr_par' dir='ltr' id='par_1_6' title="bbox 83 1933 1023 3150">
     <span class='ocr_line' id='line_1_22' title="bbox 137 1933 1023 2000; baseline 0 -14"><span class='ocrx_word' id='word_1_143' title='bbox 137 1934 390 2000; x_wconf 77' lang='lat' dir='ltr'><strong>Utdeniquedeiis,</strong></span> <span class='ocrx_word' id='word_1_144' title='bbox 410 1936 511 2000; x_wconf 81' lang='lat' dir='ltr'><strong>queem</strong></span> <span class='ocrx_word' id='word_1_145' title='bbox 522 1933 631 1987; x_wconf 88' lang='lat' dir='ltr'><strong>dubium</strong></span> <span class='ocrx_word' id='word_1_146' title='bbox 640 1943 812 1998; x_wconf 75' lang='lat' dir='ltr'><strong>revocaverat,</strong></span> <span class='ocrx_word' id='word_1_147' title='bbox 831 1942 916 1988; x_wconf 89' lang='lat' dir='ltr'><strong>certus</strong></span> <span class='ocrx_word' id='word_1_148' title='bbox 930 1935 1023 1987; x_wconf 86' lang='lat' dir='ltr'><strong>redde-</strong></span> 
     </span>
     <span class='ocr_line' id='line_1_23' title="bbox 87 2009 1023 2078; baseline -0.004 -13"><span class='ocrx_word' id='word_1_149' title='bbox 87 2019 157 2065; x_wconf 88' lang='lat' dir='ltr'><strong>retur</strong></span> <span class='ocrx_word' id='word_1_150' title='bbox 166 2025 296 2077; x_wconf 84' lang='lat' dir='ltr'><strong>omneque</strong></span> <span class='ocrx_word' id='word_1_151' title='bbox 304 2009 414 2064; x_wconf 84' lang='lat' dir='ltr'><strong>dubium</strong></span> <span class='ocrx_word' id='word_1_152' title='bbox 423 2011 537 2073; x_wconf 85' lang='lat' dir='ltr'><strong>tolleret,</strong></span> <span class='ocrx_word' id='word_1_153' title='bbox 555 2011 638 2077; x_wconf 77' lang='lat' dir='ltr'><strong>pergit</strong></span> <span class='ocrx_word' id='word_1_154' title='bbox 647 2011 777 2078; x_wconf 74' lang='lat' dir='ltr'><strong>inquirere</strong></span> <span class='ocrx_word' id='word_1_155' title='bbox 789 2014 817 2063; x_wconf 92' lang='lat' dir='ltr'><strong>in</strong></span> <span class='ocrx_word' id='word_1_156' title='bbox 830 2018 948 2063; x_wconf 79' lang='lat' dir='ltr'><strong>naturam</strong></span> <span class='ocrx_word' id='word_1_157' title='bbox 967 2025 1023 2062; x_wconf 86' lang='lat' dir='ltr'><strong>en-</strong></span> 
     </span>
     <span class='ocr_line' id='line_1_24' title="bbox 87 2086 1023 2156; baseline -0.002 -17"><span class='ocrx_word' id='word_1_158' title='bbox 87 2089 130 2140; x_wconf 86' lang='lat' dir='ltr'><strong>tis</strong></span> <span class='ocrx_word' id='word_1_159' title='bbox 148 2086 398 2156; x_wconf 79' lang='lat' dir='ltr'><strong>perfectissimi,</strong></span> <span class='ocrx_word' id='word_1_160' title='bbox 417 2094 484 2140; x_wconf 79' lang='lat' dir='ltr'><strong>etan</strong></span> <span class='ocrx_word' id='word_1_161' title='bbox 494 2087 543 2139; x_wconf 89' lang='lat' dir='ltr'><strong>tele</strong></span> <span class='ocrx_word' id='word_1_162' title='bbox 556 2089 654 2139; x_wconf 84' lang='lat' dir='ltr'><strong>existet.</strong></span> <span class='ocrx_word' id='word_1_163' title='bbox 689 2091 755 2140; x_wconf 84' lang='lat' dir='ltr'><strong>Num</strong></span> <span class='ocrx_word' id='word_1_164' title='bbox 767 2088 814 2140; x_wconf 87' lang='lat' dir='ltr'><strong>uhi</strong></span> <span class='ocrx_word' id='word_1_165' title='bbox 827 2102 874 2140; x_wconf 89' lang='lat' dir='ltr'><strong>ens</strong></span> <span class='ocrx_word' id='word_1_166' title='bbox 887 2087 1023 2153; x_wconf 88' lang='lat' dir='ltr'><strong>perlectis-</strong></span> 
     </span>
     <span class='ocr_line' id='line_1_25' title="bbox 85 2163 1023 2231; baseline 0 -16"><span class='ocrx_word' id='word_1_167' title='bbox 85 2164 183 2217; x_wconf 84' lang='lat' dir='ltr'><strong>simum</strong></span> <span class='ocrx_word' id='word_1_168' title='bbox 193 2164 299 2215; x_wconf 74' lang='lat' dir='ltr'><strong>existere</strong></span> <span class='ocrx_word' id='word_1_169' title='bbox 308 2163 495 2231; x_wconf 82' lang='lat' dir='ltr'><strong>deprehendet,</strong></span> <span class='ocrx_word' id='word_1_170' title='bbox 514 2164 622 2216; x_wconf 84' lang='lat' dir='ltr'><strong>cuiusri</strong></span> <span class='ocrx_word' id='word_1_171' title='bbox 632 2166 718 2217; x_wconf 84' lang='lat' dir='ltr'><strong>omnia</strong></span> <span class='ocrx_word' id='word_1_172' title='bbox 726 2165 905 2231; x_wconf 89' lang='lat' dir='ltr'><strong>producuntur</strong></span> <span class='ocrx_word' id='word_1_173' title='bbox 918 2171 944 2215; x_wconf 88' lang='lat' dir='ltr'><strong>et</strong></span> <span class='ocrx_word' id='word_1_174' title='bbox 959 2177 1023 2215; x_wconf 85' lang='lat' dir='ltr'><strong>eon-</strong></span> 
     </span>
     <span class='ocr_line' id='line_1_26' title="bbox 86 2240 1022 2308; baseline -0.005 -13"><span class='ocrx_word' id='word_1_175' title='bbox 86 2246 236 2302; x_wconf 75' lang='lat' dir='ltr'><strong>sonentur,</strong></span> <span class='ocrx_word' id='word_1_176' title='bbox 256 2241 383 2306; x_wconf 85' lang='lat' dir='ltr'><strong>cuiusque</strong></span> <span class='ocrx_word' id='word_1_177' title='bbox 391 2247 498 2293; x_wconf 86' lang='lat' dir='ltr'><strong>neturue</strong></span> <span class='ocrx_word' id='word_1_178' title='bbox 506 2246 645 2306; x_wconf 75' lang='lat' dir='ltr'><strong>repugnet,</strong></span> <span class='ocrx_word' id='word_1_179' title='bbox 665 2247 695 2292; x_wconf 88' lang='lat' dir='ltr'><strong>ut</strong></span> <span class='ocrx_word' id='word_1_180' title='bbox 708 2242 742 2293; x_wconf 90' lang='lat' dir='ltr'><strong>sit</strong></span> <span class='ocrx_word' id='word_1_181' title='bbox 756 2241 890 2308; x_wconf 84' lang='lat' dir='ltr'><strong>deceptcr;</strong></span> <span class='ocrx_word' id='word_1_182' title='bbox 909 2246 965 2291; x_wconf 90' lang='lat' dir='ltr'><strong>tum</strong></span> <span class='ocrx_word' id='word_1_183' title='bbox 979 2240 1022 2291; x_wconf 85' lang='lat' dir='ltr'><strong>illc</strong></span> 
     </span>
     <span class='ocr_line' id='line_1_27' title="bbox 86 2315 1023 2383; baseline -0.005 -11"><span class='ocrx_word' id='word_1_184' title='bbox 86 2319 153 2371; x_wconf 76' lang='lat' dir='ltr'><strong>ratio</strong></span> <span class='ocrx_word' id='word_1_185' title='bbox 160 2315 297 2369; x_wconf 74' lang='lat' dir='ltr'><strong>dubitandi</strong></span> <span class='ocrx_word' id='word_1_186' title='bbox 306 2316 425 2380; x_wconf 84' lang='lat' dir='ltr'><strong>tolletur,</strong></span> <span class='ocrx_word' id='word_1_187' title='bbox 445 2331 615 2383; x_wconf 82' lang='lat' dir='ltr'><strong>quemexec,</strong></span> <span class='ocrx_word' id='word_1_188' title='bbox 635 2316 789 2382; x_wconf 82' lang='lat' dir='ltr'><strong>quodsucm</strong></span> <span class='ocrx_word' id='word_1_189' title='bbox 802 2331 906 2370; x_wconf 82' lang='lat' dir='ltr'><strong>causam</strong></span> <span class='ocrx_word' id='word_1_190' title='bbox 918 2318 1023 2383; x_wconf 79' lang='lat' dir='ltr'><strong>ignom-</strong></span> 
     </span>
     <span class='ocr_line' id='line_1_28' title="bbox 85 2391 1022 2460; baseline -0.002 -14"><span class='ocrx_word' id='word_1_191' title='bbox 85 2391 139 2458; x_wconf 77' lang='lat' dir='ltr'><strong>ter,</strong></span> <span class='ocrx_word' id='word_1_192' title='bbox 158 2392 261 2445; x_wconf 81' lang='lat' dir='ltr'><strong>hebuit.</strong></span> <span class='ocrx_word' id='word_1_193' title='bbox 297 2393 368 2449; x_wconf 79' lang='lat' dir='ltr'><strong>Sciet</strong></span> <span class='ocrx_word' id='word_1_194' title='bbox 376 2395 444 2446; x_wconf 90' lang='lat' dir='ltr'><strong>enim</strong></span> <span class='ocrx_word' id='word_1_195' title='bbox 453 2393 601 2445; x_wconf 78' lang='lat' dir='ltr'><strong>fucultatem</strong></span> <span class='ocrx_word' id='word_1_196' title='bbox 609 2393 759 2447; x_wconf 82' lang='lat' dir='ltr'><strong>veriefulso</strong></span> <span class='ocrx_word' id='word_1_197' title='bbox 768 2393 934 2460; x_wconf 82' lang='lat' dir='ltr'><strong>dignoscendi</strong></span> <span class='ocrx_word' id='word_1_198' title='bbox 945 2395 1022 2445; x_wconf 82' lang='lat' dir='ltr'><strong>alteo</strong></span> 
     </span>
     <span class='ocr_line' id='line_1_29' title="bbox 84 2468 1020 2537; baseline -0.005 -14"><span class='ocrx_word' id='word_1_199' title='bbox 84 2483 188 2523; x_wconf 86' lang='lat' dir='ltr'><strong>summe</strong></span> <span class='ocrx_word' id='word_1_200' title='bbox 204 2468 275 2521; x_wconf 85' lang='lat' dir='ltr'><strong>bono</strong></span> <span class='ocrx_word' id='word_1_201' title='bbox 293 2475 320 2521; x_wconf 90' lang='lat' dir='ltr'><strong>et</strong></span> <span class='ocrx_word' id='word_1_202' title='bbox 335 2472 418 2523; x_wconf 85' lang='lat' dir='ltr'><strong>veraci</strong></span> <span class='ocrx_word' id='word_1_203' title='bbox 434 2471 485 2537; x_wconf 88' lang='lat' dir='ltr'><strong>ipsi</strong></span> <span class='ocrx_word' id='word_1_204' title='bbox 503 2484 555 2522; x_wconf 85' lang='lat' dir='ltr'><strong>nen</strong></span> <span class='ocrx_word' id='word_1_205' title='bbox 572 2470 655 2523; x_wconf 83' lang='lat' dir='ltr'><strong>fuisse</strong></span> <span class='ocrx_word' id='word_1_206' title='bbox 671 2469 771 2533; x_wconf 69' lang='lat' dir='ltr'><strong>duum,</strong></span> <span class='ocrx_word' id='word_1_207' title='bbox 799 2476 829 2521; x_wconf 91' lang='lat' dir='ltr'><strong>ut</strong></span> <span class='ocrx_word' id='word_1_208' title='bbox 851 2469 1020 2536; x_wconf 84' lang='lat' dir='ltr'><strong>deciperetur.</strong></span> 
     </span>
     <span class='ocr_line' id='line_1_30' title="bbox 84 2545 1022 2613; baseline -0.002 -13"><span class='ocrx_word' id='word_1_209' title='bbox 84 2546 211 2613; x_wconf 75' lang='lat' dir='ltr'><strong>Adeoque</strong></span> <span class='ocrx_word' id='word_1_210' title='bbox 219 2545 413 2602; x_wconf 71' lang='lat' dir='ltr'><strong>mathematicae</strong></span> <span class='ocrx_word' id='word_1_211' title='bbox 421 2549 553 2610; x_wconf 74' lang='lat' dir='ltr'><strong>veritates,</strong></span> <span class='ocrx_word' id='word_1_212' title='bbox 573 2562 620 2599; x_wconf 83' lang='lat' dir='ltr'><strong>seu</strong></span> <span class='ocrx_word' id='word_1_213' title='bbox 629 2548 729 2608; x_wconf 80' lang='lat' dir='ltr'><strong>omnin,</strong></span> <span class='ocrx_word' id='word_1_214' title='bbox 747 2561 813 2613; x_wconf 79' lang='lat' dir='ltr'><strong>quae</strong></span> <span class='ocrx_word' id='word_1_215' title='bbox 823 2548 874 2613; x_wconf 90' lang='lat' dir='ltr'><strong>ipsi</strong></span> <span class='ocrx_word' id='word_1_216' title='bbox 883 2546 1022 2599; x_wconf 86' lang='lat' dir='ltr'><strong>evidentis·</strong></span> 
     </span>
     <span class='ocr_line' id='line_1_31' title="bbox 84 2621 1022 2691; baseline -0.003 -16"><span class='ocrx_word' id='word_1_217' title='bbox 84 2621 360 2687; x_wconf 83' lang='lat' dir='ltr'><strong>simnesseridentur,</strong></span> <span class='ocrx_word' id='word_1_218' title='bbox 378 2624 485 2675; x_wconf 90' lang='lat' dir='ltr'><strong>minime</strong></span> <span class='ocrx_word' id='word_1_219' title='bbox 494 2631 613 2691; x_wconf 83' lang='lat' dir='ltr'><strong>suspectu</strong></span> <span class='ocrx_word' id='word_1_220' title='bbox 623 2638 681 2675; x_wconf 87' lang='lat' dir='ltr'><strong>esse</strong></span> <span class='ocrx_word' id='word_1_221' title='bbox 689 2630 820 2689; x_wconf 84' lang='lat' dir='ltr'><strong>poterunt.</strong></span> <span class='ocrx_word' id='word_1_222' title='bbox 856 2623 1022 2689; x_wconf 75' lang='lat' dir='ltr'><strong>Progreditur</strong></span> 
     </span>
     <span class='ocr_line' id='line_1_32' title="bbox 85 2699 1023 2767; baseline -0.001 -16"><span class='ocrx_word' id='word_1_223' title='bbox 85 2699 178 2752; x_wconf 89' lang='lat' dir='ltr'><strong>deinde</strong></span> <span class='ocrx_word' id='word_1_224' title='bbox 190 2706 221 2752; x_wconf 92' lang='lat' dir='ltr'><strong>ut</strong></span> <span class='ocrx_word' id='word_1_225' title='bbox 234 2705 346 2753; x_wconf 75' lang='lat' dir='ltr'><strong>eretum</strong></span> <span class='ocrx_word' id='word_1_226' title='bbox 360 2713 451 2753; x_wconf 83' lang='lat' dir='ltr'><strong>census</strong></span> <span class='ocrx_word' id='word_1_227' title='bbox 464 2700 598 2753; x_wconf 69' lang='lat' dir='ltr'><strong>dubitandi</strong></span> <span class='ocrx_word' id='word_1_228' title='bbox 614 2701 700 2761; x_wconf 84' lang='lat' dir='ltr'><strong>tollat,</strong></span> <span class='ocrx_word' id='word_1_229' title='bbox 720 2701 879 2767; x_wconf 84' lang='lat' dir='ltr'><strong>inquiritque</strong></span> <span class='ocrx_word' id='word_1_230' title='bbox 892 2699 1023 2752; x_wconf 80' lang='lat' dir='ltr'><strong>undenam</strong></span> 
     </span>
     <span class='ocr_line' id='line_1_33' title="bbox 84 2774 1022 2843; baseline -0.002 -15"><span class='ocrx_word' id='word_1_231' title='bbox 84 2774 506 2842; x_wconf 79' lang='lat' dir='ltr'><strong>trt,qu0du1iqurnd0erremus.</strong></span> <span class='ocrx_word' id='word_1_232' title='bbox 543 2777 621 2843; x_wconf 86' lang='lat' dir='ltr'><strong>Quod</strong></span> <span class='ocrx_word' id='word_1_233' title='bbox 628 2776 675 2829; x_wconf 89' lang='lat' dir='ltr'><strong>ubi</strong></span> <span class='ocrx_word' id='word_1_234' title='bbox 683 2777 781 2829; x_wconf 89' lang='lat' dir='ltr'><strong>invenit</strong></span> <span class='ocrx_word' id='word_1_235' title='bbox 789 2792 817 2829; x_wconf 85' lang='lat' dir='ltr'><strong>er</strong></span> <span class='ocrx_word' id='word_1_236' title='bbox 826 2791 856 2828; x_wconf 88' lang='lat' dir='ltr'><strong>ec</strong></span> <span class='ocrx_word' id='word_1_237' title='bbox 866 2778 936 2838; x_wconf 86' lang='lat' dir='ltr'><strong>eriri,</strong></span> <span class='ocrx_word' id='word_1_238' title='bbox 952 2775 1022 2842; x_wconf 86' lang='lat' dir='ltr'><strong>quod</strong></span> 
     </span>
     <span class='ocr_line' id='line_1_34' title="bbox 83 2851 1022 2918; baseline 0 -15"><span class='ocrx_word' id='word_1_239' title='bbox 83 2851 165 2904; x_wconf 85' lang='lat' dir='ltr'><strong>libere</strong></span> <span class='ocrx_word' id='word_1_240' title='bbox 179 2858 268 2904; x_wconf 80' lang='lat' dir='ltr'><strong>nostru</strong></span> <span class='ocrx_word' id='word_1_241' title='bbox 280 2852 411 2906; x_wconf 74' lang='lat' dir='ltr'><strong>voluntate</strong></span> <span class='ocrx_word' id='word_1_242' title='bbox 424 2861 528 2906; x_wconf 84' lang='lat' dir='ltr'><strong>utemur</strong></span> <span class='ocrx_word' id='word_1_243' title='bbox 541 2856 574 2907; x_wconf 82' lang='lat' dir='ltr'><strong>ad</strong></span> <span class='ocrx_word' id='word_1_244' title='bbox 587 2853 780 2906; x_wconf 77' lang='lat' dir='ltr'><strong>assentiendum</strong></span> <span class='ocrx_word' id='word_1_245' title='bbox 793 2854 871 2905; x_wconf 85' lang='lat' dir='ltr'><strong>etiam</strong></span> <span class='ocrx_word' id='word_1_246' title='bbox 888 2854 935 2914; x_wconf 90' lang='lat' dir='ltr'><strong>iis,</strong></span> <span class='ocrx_word' id='word_1_247' title='bbox 955 2864 1022 2918; x_wconf 85' lang='lat' dir='ltr'><strong>quce</strong></span> 
     </span>
     <span class='ocr_line' id='line_1_35' title="bbox 86 2927 1020 2995; baseline -0.003 -15"><span class='ocrx_word' id='word_1_248' title='bbox 86 2935 187 2980; x_wconf 82' lang='lat' dir='ltr'><strong>tuntum</strong></span> <span class='ocrx_word' id='word_1_249' title='bbox 196 2928 303 2981; x_wconf 81' lang='lat' dir='ltr'><strong>contuse</strong></span> <span class='ocrx_word' id='word_1_250' title='bbox 312 2931 487 2995; x_wconf 86' lang='lat' dir='ltr'><strong>percepimus,</strong></span> <span class='ocrx_word' id='word_1_251' title='bbox 508 2932 595 2982; x_wconf 80' lang='lat' dir='ltr'><strong>stetim</strong></span> <span class='ocrx_word' id='word_1_252' title='bbox 605 2927 758 2980; x_wconf 87' lang='lat' dir='ltr'><strong>concludere</strong></span> <span class='ocrx_word' id='word_1_253' title='bbox 772 2931 870 2995; x_wconf 88' lang='lat' dir='ltr'><strong>potuit,</strong></span> <span class='ocrx_word' id='word_1_254' title='bbox 890 2944 918 2981; x_wconf 89' lang='lat' dir='ltr'><strong>se</strong></span> <span class='ocrx_word' id='word_1_255' title='bbox 931 2929 958 2979; x_wconf 90' lang='lat' dir='ltr'><strong>in</strong></span> <span class='ocrx_word' id='word_1_256' title='bbox 971 2940 1020 2994; x_wconf 92' lang='lat' dir='ltr'><strong>po-</strong></span> 
     </span>
     <span class='ocr_line' id='line_1_36' title="bbox 86 3003 1020 3072; baseline -0.005 -16"><span class='ocrx_word' id='word_1_257' title='bbox 86 3010 183 3056; x_wconf 86' lang='lat' dir='ltr'><strong>sterum</strong></span> <span class='ocrx_word' id='word_1_258' title='bbox 200 3003 233 3059; x_wconf 84' lang='lat' dir='ltr'><strong>eb</strong></span> <span class='ocrx_word' id='word_1_259' title='bbox 247 3012 332 3057; x_wconf 83' lang='lat' dir='ltr'><strong>errore</strong></span> <span class='ocrx_word' id='word_1_260' title='bbox 349 3018 435 3058; x_wconf 82' lang='lat' dir='ltr'><strong>carere</strong></span> <span class='ocrx_word' id='word_1_261' title='bbox 449 3020 540 3072; x_wconf 84' lang='lat' dir='ltr'><strong>posse,</strong></span> <span class='ocrx_word' id='word_1_262' title='bbox 559 3005 637 3056; x_wconf 87' lang='lat' dir='ltr'><strong>modo</strong></span> <span class='ocrx_word' id='word_1_263' title='bbox 651 3018 703 3055; x_wconf 93' lang='lat' dir='ltr'><strong>non</strong></span> <span class='ocrx_word' id='word_1_264' title='bbox 717 3005 769 3056; x_wconf 90' lang='lat' dir='ltr'><strong>nisi</strong></span> <span class='ocrx_word' id='word_1_265' title='bbox 782 3005 848 3057; x_wconf 85' lang='lat' dir='ltr'><strong>clere</strong></span> <span class='ocrx_word' id='word_1_266' title='bbox 862 3011 888 3055; x_wconf 93' lang='lat' dir='ltr'><strong>et</strong></span> <span class='ocrx_word' id='word_1_267' title='bbox 901 3003 1020 3055; x_wconf 86' lang='lat' dir='ltr'><strong>distincte</strong></span> 
     </span>
     <span class='ocr_line' id='line_1_37' title="bbox 85 3077 1020 3150; baseline -0.005 -17"><span class='ocrx_word' id='word_1_268' title='bbox 85 3081 213 3149; x_wconf 85' lang='lat' dir='ltr'><strong>perceptis</strong></span> <span class='ocrx_word' id='word_1_269' title='bbox 230 3095 365 3134; x_wconf 74' lang='lat' dir='ltr'><strong>assensum</strong></span> <span class='ocrx_word' id='word_1_270' title='bbox 377 3081 512 3150; x_wconf 82' lang='lat' dir='ltr'><strong>praebent;</strong></span> <span class='ocrx_word' id='word_1_271' title='bbox 532 3080 603 3150; x_wconf 87' lang='lat' dir='ltr'><strong>qued</strong></span> <span class='ocrx_word' id='word_1_272' title='bbox 614 3080 797 3148; x_wconf 73' lang='lat' dir='ltr'><strong>unusquisque</strong></span> <span class='ocrx_word' id='word_1_273' title='bbox 810 3094 827 3132; x_wconf 83' lang='lat' dir='ltr'><strong>n</strong></span> <span class='ocrx_word' id='word_1_274' title='bbox 839 3093 867 3131; x_wconf 85' lang='lat' dir='ltr'><strong>se</strong></span> <span class='ocrx_word' id='word_1_275' title='bbox 880 3077 955 3129; x_wconf 79' lang='lat' dir='ltr'><strong>facilc</strong></span> <span class='ocrx_word' id='word_1_276' title='bbox 968 3079 1020 3129; x_wconf 87' lang='lat' dir='ltr'><strong>im-</strong></span> 
     </span>
    </p>
   </div>
   <div class='ocr_carea' id='block_1_5' title="bbox 0 0 1139 3406">
    <p class='ocr_par' dir='ltr' id='par_1_7' title="bbox 0 0 1139 3406">
     <span class='ocr_line' id='line_1_38' title="bbox 0 0 1139 3406; baseline 0 0"><span class='ocrx_word' id='word_1_277' title='bbox 0 0 1139 3406; x_wconf 95' lang='lat' dir='ltr'><strong> </strong></span> 
     </span>
    </p>
   </div>
  </div>
 </body>
</html>
