2266 3406
455 177 566 224 INDEX.

298 349 405 396 cmlv.
432 347 669 394 &immutabilitate
678 348 728 394 liei.

57 415 79 455 1.
108 408 169 465 Quid
178 410 209 454 sit
219 411 329 466 mutatio,
348 410 404 466 quid
413 410 598 455 translormatio.

55 471 78 514 2.
105 469 135 514 ln
143 469 194 513 lieo
203 469 433 514 transformationem
442 469 521 514 looum
531 480 577 515 non
587 468 683 515 habere.

56 533 78 573 ³.
107 529 174 584 Quae
183 528 231 573 sint
239 528 372 572 mutationis
381 539 476 574 onusto.

55 593 78 636 4.
105 586 182 632 Deum
192 598 239 630 non
248 586 438 632 muteriabalio.

55 653 80 694 5.
106 647 155 693 lieo
164 646 294 691 etiomese
303 646 363 703 ipso.

321 720 419 767 Comi.
445 721 643 778 &simplicitate
652 721 702 765 ilci

57 793 79 834 l.
107 790 195 834 lterum
204 789 321 833 distinctio
330 788 426 846 triplex:
443 788 527 848 realis,
546 790 659 846 modulis,
677 791 784 834 rationis.

56 853 80 894 2.
107 849 229 893 lindenom
238 847 314 893 omnis
324 848 462 903 compositio
473 850 574 908 orietur,
594 854 617 894 et
625 847 752 905 quotuplex
762 851 799 893 sit.

56 911 79 953 3.
107 908 184 952 Deum
193 918 246 951 esso
255 918 297 951 ons
306 905 516 962 simplicissimum.

55 970 77 1009 ⁴.
105 966 150 1011 Dei
160 965 272 1011 attributa
280 965 390 1020 distingui
400 971 490 1012 tuntum
499 967 597 1012 ratione.

368 1041 477 1087 cmvi.
505 1038 658 1085 musone.

57 1114 78 1154 1.
107 1109 168 1165 Quid
177 1107 246 1166 vulgo
255 1121 298 1165 per
305 1110 376 1153 vitam
387 1109 516 1166 intelligant
524 1109 665 1168 philosophi.

55 1172 78 1213 ².
107 1168 198 1223 Quibus
207 1168 279 1214 rebus
288 1169 335 1214 vita
344 1168 415 1213 tribui
425 1170 506 1224 possit.

55 1231 77 1273 ³.
105 1227 275 1284 Qoidsitvite,
294 1227 523 1284 etquidsitinlieo.

328 1302 449 1349 cmvn.
475 1302 640 1348 &intellectu
648 1302 697 1347 Dei.

56 1376 78 1416 t.
106 1371 183 1416 Deum
193 1371 403 1417 esssomnisoium.

57 1433 80 1475 2.
107 1430 233 1476 obiectum
243 1430 355 1475 soientiss
365 1431 409 1476 liei
417 1442 465 1476 non
475 1443 573 1477 essenos
583 1437 646 1476 oxtm
655 1430 739 1477 Deum.

55 1493 77 1534 3.
106 1489 151 1535 Sed
160 1489 236 1533 Deum
246 1489 331 1545 ipsum.

56 1552 78 1594 4.
106 1548 230 1603 Quomodo
239 1547 303 1593 Deus
312 1554 394 1595 nosost
402 1555 497 1605 peoontn
508 1556 531 1595 et
540 1549 602 1594 entia
611 1549 707 1595 rationis
717 1555 761 1595 oto.

56 1612 79 1654 5.
107 1608 229 1665 Quomodo
238 1606 379 1666 singularis,
398 1614 421 1653 ot
430 1608 549 1666 quomodo
558 1607 706 1653 universalis.

55 1669 79 1712 u.
107 1666 135 1712 ln
143 1668 193 1712 lieo
202 1671 292 1711 unium
301 1677 373 1711 unsm
383 1679 435 1713 osse
444 1673 468 1712 et
476 1667 606 1724 simplicem
616 1667 701 1714 ideam.

55 1730 78 1769 t.
106 1726 172 1783 Quae
179 1727 212 1772 sit
219 1725 263 1771 Dei
272 1725 369 1773 nolentia
378 1727 440 1772 oinos
450 1739 488 1772 nes
497 1732 596 1772 meotis.

317 1809 452 1856 cizvlli.
479 1809 702 1854 Desoluntatelies‘.

56 1873 76 1913 1.
104 1868 229 1925 Quomodo
237 1869 281 1914 liei
291 1870 405 1926 essentia,
424 1876 447 1915 et
456 1869 587 1915 intellectus
596 1882 643 1927 quo
656 1883 683 1917 se
696 1867 815 1927 intelligit,
835 1876 858 1915 et
871 1870 976 1915 voluntas

104 1939 152 1984 qun
161 1935 272 1985 sumat,
291 1928 513 1985 distinguunturnos
523 1930 621 1974 nescire.

56 1989 77 2030 2
104 1987 254 2089 velilluntntem
264 1992 287 2033 et
295 1989 424 2045 potentiam
432 1988 476 2032 liei
484 1988 563 2045 quoad
572 1995 636 2035 extri
646 2000 692 2034 non
706 1989 815 2044 distingui
830 1986 861 2033 ab
875 1987 926 2033 eius
941 1990 977 2031 in-

104 2051 128 2090 te
146 2052 207 2091 ectu.

57 2107 78 2149 2.
104 2104 182 2149 Deum
191 2104 318 2161 improprie
326 2105 442 2163 quiedam
451 2105 504 2152 odio
514 2105 613 2161 nubere,
631 2105 845 2163 quaedemamsre.

56 2165 77 2206 t.
105 2163 229 2209 conlisus
243 2165 349 2211 homines
366 2172 473 2222 moneat,
492 2178 534 2211 our
546 2177 593 2210 non
606 2165 680 2211 salvet
692 2165 783 2222 alisque
796 2163 936 2222 monitione;
955 2170 977 2207 ot

95 2233 140 2268 our
148 2222 213 2278 impii
222 2223 355 2278 puniantur.

57 2283 77 2326 5.
105 2281 253 2337 Soriptusom
262 2282 320 2328 nihil
329 2284 414 2329 dooere
424 2284 487 2340 quod
496 2281 578 2328 lumini
587 2289 685 2329 noturus
694 2291 814 2340 repugnet.

334 2367 396 2412 cu.
407 2366 448 2412 lx.
474 2366 508 2410 De
518 2367 629 2422 potentia
638 2367 690 2411 Dei.

58 2438 77 2478 ¹.
105 2433 229 2490 Quomodo
239 2435 405 2492 omnipotentia
414 2435 458 2480 Dei
467 2434 615 2492 intelligenda
624 2437 663 2482 sit.

56 2496 77 2538 2.
104 2493 191 2539 Omnia
200 2505 253 2538 esse
261 2495 394 2540 nsoesssrio
403 2500 511 2550 rospeetu
520 2495 606 2540 decreti
616 2495 673 2554 liei,
683 2507 729 2541 non
739 2501 816 2541 sutem
827 2494 942 2552 quaedam
954 2495 976 2536 in

107 2564 148 2610 se,
167 2553 283 2609 quaedam
291 2559 400 2609 respectu
408 2553 503 2599 deonoti.

56 2614 76 2655 t.
104 2610 203 2668 Quodsi
213 2610 678 2669 neossiismlesissetrerumnsturam‚
693 2613 761 2659 etiam
773 2612 842 2660 nobis
852 2610 925 2657 alium
934 2612 977 2656 do·

107 2669 201 2716 buissot
209 2671 265 2716 dans
274 2671 426 2717 intellectum.

55 2733 77 2774 l.
104 2728 238 2786 Quoiuplox
246 2729 278 2775 sit
286 2731 389 2787 potentin
398 2731 450 2776 Del.

55 2790 76 2833 s,
104 2788 165 2844 Quid
176 2788 297 2844 absoluta,
311 2789 368 2846 quid
377 2789 496 2846 ordinati,
511 2792 566 2848 quid
576 2789 706 2847 ordinaris,
720 2791 776 2847 quid
787 2788 975 2837 extraordinario.

55 2849 75 2890 t.
102 2848 138 2894 lio
147 2846 201 2894 aliis
210 2847 351 2906 quibusdam
361 2849 545 2905 quaestionibus.

358 2931 418 2979 Gan.
428 2933 458 2980 X.
484 2931 519 2976 De
536 2931 662 2976 creatione.

56 3004 76 3047 1.
103 3001 165 3058 Quid
173 3000 309 3047 sitoreatio.

56 3063 78 3108 2.
105 3061 235 3108 drudonis
243 3059 344 3117 vulgans
354 3058 457 3107 delinitio
466 3059 578 3108 reiloitur.

56 3123 76 3166 t.
103 3121 201 3180 Propria
210 3119 346 3178 explicetur.
