<?xml version="1.0" encoding="UTF-8"?>
<!DOCTYPE html PUBLIC "-//W3C//DTD XHTML 1.0 Transitional//EN"
    "http://www.w3.org/TR/xhtml1/DTD/xhtml1-transitional.dtd">
<html xmlns="http://www.w3.org/1999/xhtml" xml:lang="en" lang="en">
 <head>
  <title>
</title>
<meta http-equiv="Content-Type" content="text/html;charset=utf-8" />
  <meta name='ocr-system' content='tesseract 3.04.00' />
  <meta name='ocr-capabilities' content='ocr_page ocr_carea ocr_par ocr_line ocrx_word'/>
</head>
<body>
  <div class='ocr_page' id='page_1' title='image "benedictidespin01brudgoog_0058.png"; bbox 0 0 2266 3406; ppageno 0'>
   <div class='ocr_carea' id='block_1_1' title="bbox 521 178 1049 238">
    <p class='ocr_par' dir='ltr' id='par_1_1' title="bbox 521 178 1049 238">
     <span class='ocr_line' id='line_1_1' title="bbox 521 178 1049 238; baseline 0 -13"><span class='ocrx_word' id='word_1_1' title='bbox 521 178 602 225; x_wconf 80' lang='lat' dir='ltr'>raas</span> <span class='ocrx_word' id='word_1_2' title='bbox 621 180 641 225; x_wconf 87' lang='lat'>1.</span> <span class='ocrx_word' id='word_1_3' title='bbox 1007 180 1049 238; x_wconf 86' lang='lat'>27</span> 
     </span>
    </p>
   </div>
   <div class='ocr_carea' id='block_1_2' title="bbox 105 350 1048 2793">
    <p class='ocr_par' dir='ltr' id='par_1_2' title="bbox 105 350 1048 2793">
     <span class='ocr_line' id='line_1_2' title="bbox 162 350 1045 421; baseline 0.002 -14"><span class='ocrx_word' id='word_1_4' title='bbox 162 356 263 407; x_wconf 80' lang='lat' dir='ltr'>Verum</span> <span class='ocrx_word' id='word_1_5' title='bbox 281 352 404 420; x_wconf 85' lang='lat' dir='ltr'>quoniam</span> <span class='ocrx_word' id='word_1_6' title='bbox 419 350 483 405; x_wconf 85' lang='lat' dir='ltr'>baec</span> <span class='ocrx_word' id='word_1_7' title='bbox 500 355 633 421; x_wconf 81' lang='lat' dir='ltr'>responsio</span> <span class='ocrx_word' id='word_1_8' title='bbox 652 352 808 421; x_wconf 87' lang='lat' dir='ltr'>quibusdam</span> <span class='ocrx_word' id='word_1_9' title='bbox 835 368 887 405; x_wconf 92' lang='lat' dir='ltr'>non</span> <span class='ocrx_word' id='word_1_10' title='bbox 913 355 1045 419; x_wconf 73' lang='lat' dir='ltr'>satisfacit,</span> 
     </span>
     <span class='ocr_line' id='line_1_3' title="bbox 109 428 1048 497; baseline 0 -12"><span class='ocrx_word' id='word_1_11' title='bbox 109 433 188 485; x_wconf 91' lang='lat' dir='ltr'>aliam</span> <span class='ocrx_word' id='word_1_12' title='bbox 197 430 277 483; x_wconf 91' lang='lat' dir='ltr'>dabo.</span> <span class='ocrx_word' id='word_1_13' title='bbox 313 428 431 481; x_wconf 67' lang='lat' dir='ltr'>Wdlmus</span> <span class='ocrx_word' id='word_1_14' title='bbox 439 431 466 480; x_wconf 93' lang='lat' dir='ltr'>in</span> <span class='ocrx_word' id='word_1_15' title='bbox 475 430 702 497; x_wconf 74' lang='lat' dir='ltr'>praecedentibus,</span> <span class='ocrx_word' id='word_1_16' title='bbox 722 431 767 484; x_wconf 90' lang='lat' dir='ltr'>ubi</span> <span class='ocrx_word' id='word_1_17' title='bbox 778 432 809 483; x_wconf 93' lang='lat' dir='ltr'>de</span> <span class='ocrx_word' id='word_1_18' title='bbox 822 438 924 483; x_wconf 88' lang='lat' dir='ltr'>nostrae</span> <span class='ocrx_word' id='word_1_19' title='bbox 937 433 1048 485; x_wconf 86' lang='lat' dir='ltr'>eristen-</span> 
     </span>
     <span class='ocr_line' id='line_1_4' title="bbox 109 506 1048 572; baseline -0.002 -10"><span class='ocrx_word' id='word_1_20' title='bbox 109 510 162 562; x_wconf 80' lang='lat' dir='ltr'>tlae</span> <span class='ocrx_word' id='word_1_21' title='bbox 171 506 328 561; x_wconf 80' lang='lat' dir='ltr'>certitudine</span> <span class='ocrx_word' id='word_1_22' title='bbox 336 512 413 572; x_wconf 86' lang='lat' dir='ltr'>atque</span> <span class='ocrx_word' id='word_1_23' title='bbox 422 506 548 559; x_wconf 83' lang='lat' dir='ltr'>evidentia</span> <span class='ocrx_word' id='word_1_24' title='bbox 556 506 740 572; x_wconf 81' lang='lat' dir='ltr'>loquebamur,</span> <span class='ocrx_word' id='word_1_25' title='bbox 761 522 809 558; x_wconf 93' lang='lat' dir='ltr'>nos</span> <span class='ocrx_word' id='word_1_26' title='bbox 817 508 888 558; x_wconf 90' lang='lat' dir='ltr'>illam</span> <span class='ocrx_word' id='word_1_27' title='bbox 903 522 931 559; x_wconf 86' lang='lat' dir='ltr'>er</span> <span class='ocrx_word' id='word_1_28' title='bbox 943 521 973 558; x_wconf 90' lang='lat' dir='ltr'>eo</span> <span class='ocrx_word' id='word_1_29' title='bbox 984 523 1048 560; x_wconf 92' lang='lat' dir='ltr'>con-</span> 
     </span>
     <span class='ocr_line' id='line_1_5' title="bbox 109 582 1047 649; baseline -0.002 -11"><span class='ocrx_word' id='word_1_30' title='bbox 109 584 230 647; x_wconf 87' lang='lat' dir='ltr'>clusisse,</span> <span class='ocrx_word' id='word_1_31' title='bbox 246 582 327 649; x_wconf 89' lang='lat' dir='ltr'>quod,</span> <span class='ocrx_word' id='word_1_32' title='bbox 342 596 508 648; x_wconf 86' lang='lat' dir='ltr'>quocumque</span> <span class='ocrx_word' id='word_1_33' title='bbox 517 585 611 635; x_wconf 91' lang='lat' dir='ltr'>mentis</span> <span class='ocrx_word' id='word_1_34' title='bbox 620 585 701 635; x_wconf 86' lang='lat' dir='ltr'>aciem</span> <span class='ocrx_word' id='word_1_35' title='bbox 711 584 930 647; x_wconf 76' lang='lat' dir='ltr'>convertebamus,</span> <span class='ocrx_word' id='word_1_36' title='bbox 950 584 1047 636; x_wconf 87' lang='lat' dir='ltr'>nullam</span> 
     </span>
     <span class='ocr_line' id='line_1_6' title="bbox 109 658 1047 727; baseline -0.001 -13"><span class='ocrx_word' id='word_1_37' title='bbox 109 660 248 714; x_wconf 86' lang='lat' dir='ltr'>dubitandi</span> <span class='ocrx_word' id='word_1_38' title='bbox 256 659 383 711; x_wconf 82' lang='lat' dir='ltr'>rationem</span> <span class='ocrx_word' id='word_1_39' title='bbox 392 658 600 722; x_wconf 76' lang='lat' dir='ltr'>offendebamos,</span> <span class='ocrx_word' id='word_1_40' title='bbox 620 675 685 726; x_wconf 86' lang='lat' dir='ltr'>qnae</span> <span class='ocrx_word' id='word_1_41' title='bbox 694 674 725 711; x_wconf 94' lang='lat' dir='ltr'>co</span> <span class='ocrx_word' id='word_1_42' title='bbox 734 662 791 727; x_wconf 90' lang='lat' dir='ltr'>ipso</span> <span class='ocrx_word' id='word_1_43' title='bbox 801 674 849 711; x_wconf 91' lang='lat' dir='ltr'>nos</span> <span class='ocrx_word' id='word_1_44' title='bbox 858 660 889 711; x_wconf 87' lang='lat' dir='ltr'>de</span> <span class='ocrx_word' id='word_1_45' title='bbox 899 667 986 711; x_wconf 89' lang='lat' dir='ltr'>nostra</span> <span class='ocrx_word' id='word_1_46' title='bbox 995 662 1047 713; x_wconf 83' lang='lat' dir='ltr'>erl·</span> 
     </span>
     <span class='ocr_line' id='line_1_7' title="bbox 108 734 1046 804; baseline -0.003 -13"><span class='ocrx_word' id='word_1_47' title='bbox 108 738 205 791; x_wconf 86' lang='lat' dir='ltr'>stentia</span> <span class='ocrx_word' id='word_1_48' title='bbox 222 750 276 788; x_wconf 94' lang='lat' dir='ltr'>non</span> <span class='ocrx_word' id='word_1_49' title='bbox 294 736 470 798; x_wconf 85' lang='lat' dir='ltr'>convinceret,</span> <span class='ocrx_word' id='word_1_50' title='bbox 489 735 541 788; x_wconf 87' lang='lat' dir='ltr'>slve</span> <span class='ocrx_word' id='word_1_51' title='bbox 555 734 601 787; x_wconf 89' lang='lat' dir='ltr'>ubi</span> <span class='ocrx_word' id='word_1_52' title='bbox 613 736 647 787; x_wconf 96' lang='lat' dir='ltr'>ad</span> <span class='ocrx_word' id='word_1_53' title='bbox 659 743 773 788; x_wconf 92' lang='lat' dir='ltr'>nostram</span> <span class='ocrx_word' id='word_1_54' title='bbox 786 738 916 804; x_wconf 88' lang='lat' dir='ltr'>propriam</span> <span class='ocrx_word' id='word_1_55' title='bbox 930 744 1046 789; x_wconf 89' lang='lat' dir='ltr'>naturam</span> 
     </span>
     <span class='ocr_line' id='line_1_8' title="bbox 109 810 1047 876; baseline -0.003 -8"><span class='ocrx_word' id='word_1_56' title='bbox 109 812 321 876; x_wconf 74' lang='lat' dir='ltr'>attendebamus,</span> <span class='ocrx_word' id='word_1_57' title='bbox 340 812 394 865; x_wconf 83' lang='lat' dir='ltr'>sire</span> <span class='ocrx_word' id='word_1_58' title='bbox 406 810 453 863; x_wconf 92' lang='lat' dir='ltr'>ubi</span> <span class='ocrx_word' id='word_1_59' title='bbox 466 818 569 863; x_wconf 91' lang='lat' dir='ltr'>nostrae</span> <span class='ocrx_word' id='word_1_60' title='bbox 587 819 692 864; x_wconf 87' lang='lat' dir='ltr'>naturae</span> <span class='ocrx_word' id='word_1_61' title='bbox 711 818 841 864; x_wconf 83' lang='lat' dir='ltr'>auctorem</span> <span class='ocrx_word' id='word_1_62' title='bbox 860 814 982 865; x_wconf 85' lang='lat' dir='ltr'>callidum</span> <span class='ocrx_word' id='word_1_63' title='bbox 1000 814 1047 866; x_wconf 91' lang='lat' dir='ltr'>de-</span> 
     </span>
     <span class='ocr_line' id='line_1_9' title="bbox 108 888 1048 958; baseline 0 -15"><span class='ocrx_word' id='word_1_64' title='bbox 108 897 241 958; x_wconf 88' lang='lat' dir='ltr'>ceptorem</span> <span class='ocrx_word' id='word_1_65' title='bbox 250 888 426 955; x_wconf 83' lang='lat' dir='ltr'>fingebamus,</span> <span class='ocrx_word' id='word_1_66' title='bbox 445 889 497 941; x_wconf 84' lang='lat' dir='ltr'>sive</span> <span class='ocrx_word' id='word_1_67' title='bbox 507 888 618 953; x_wconf 89' lang='lat' dir='ltr'>denique</span> <span class='ocrx_word' id='word_1_68' title='bbox 628 888 704 939; x_wconf 92' lang='lat' dir='ltr'>aliam</span> <span class='ocrx_word' id='word_1_69' title='bbox 714 903 906 955; x_wconf 86' lang='lat' dir='ltr'>quamcumque</span> <span class='ocrx_word' id='word_1_70' title='bbox 919 898 986 942; x_wconf 80' lang='lat' dir='ltr'>extra</span> <span class='ocrx_word' id='word_1_71' title='bbox 1000 905 1048 943; x_wconf 93' lang='lat' dir='ltr'>nos</span> 
     </span>
     <span class='ocr_line' id='line_1_10' title="bbox 109 964 1047 1030; baseline -0.001 -10"><span class='ocrx_word' id='word_1_72' title='bbox 109 966 249 1020; x_wconf 89' lang='lat' dir='ltr'>dubitandi</span> <span class='ocrx_word' id='word_1_73' title='bbox 262 967 388 1017; x_wconf 87' lang='lat' dir='ltr'>rationem</span> <span class='ocrx_word' id='word_1_74' title='bbox 402 964 608 1026; x_wconf 89' lang='lat' dir='ltr'>accersebamus,</span> <span class='ocrx_word' id='word_1_75' title='bbox 629 964 698 1030; x_wconf 92' lang='lat' dir='ltr'>quod</span> <span class='ocrx_word' id='word_1_76' title='bbox 713 966 779 1017; x_wconf 90' lang='lat' dir='ltr'>circa</span> <span class='ocrx_word' id='word_1_77' title='bbox 793 966 890 1016; x_wconf 92' lang='lat' dir='ltr'>nnllam</span> <span class='ocrx_word' id='word_1_78' title='bbox 904 967 980 1018; x_wconf 91' lang='lat' dir='ltr'>aliam</span> <span class='ocrx_word' id='word_1_79' title='bbox 994 981 1047 1019; x_wconf 89' lang='lat' dir='ltr'>rem</span> 
     </span>
     <span class='ocr_line' id='line_1_11' title="bbox 108 1041 1048 1109; baseline -0.002 -13"><span class='ocrx_word' id='word_1_80' title='bbox 108 1043 248 1109; x_wconf 86' lang='lat' dir='ltr'>bucusque</span> <span class='ocrx_word' id='word_1_81' title='bbox 257 1043 406 1107; x_wconf 89' lang='lat' dir='ltr'>contingere</span> <span class='ocrx_word' id='word_1_82' title='bbox 416 1041 639 1109; x_wconf 83' lang='lat' dir='ltr'>deprehendimus.</span> <span class='ocrx_word' id='word_1_83' title='bbox 675 1043 741 1092; x_wconf 90' lang='lat' dir='ltr'>Nam</span> <span class='ocrx_word' id='word_1_84' title='bbox 756 1043 872 1107; x_wconf 76' lang='lat' dir='ltr'>quamvis</span> <span class='ocrx_word' id='word_1_85' title='bbox 885 1042 917 1094; x_wconf 94' lang='lat' dir='ltr'>ad</span> <span class='ocrx_word' id='word_1_86' title='bbox 930 1051 1048 1095; x_wconf 88' lang='lat' dir='ltr'>naturam</span> 
     </span>
     <span class='ocr_line' id='line_1_12' title="bbox 109 1117 1048 1186; baseline -0.001 -14"><span class='ocrx_word' id='word_1_87' title='bbox 109 1135 147 1172; x_wconf 76' lang='lat' dir='ltr'>eu</span> <span class='ocrx_word' id='word_1_88' title='bbox 158 1134 197 1186; x_wconf 91' lang='lat' dir='ltr'>gr.</span> <span class='ocrx_word' id='word_1_89' title='bbox 209 1119 332 1184; x_wconf 76' lang='lat' dir='ltr'>trianguli</span> <span class='ocrx_word' id='word_1_90' title='bbox 341 1117 500 1170; x_wconf 89' lang='lat' dir='ltr'>attendentes</span> <span class='ocrx_word' id='word_1_91' title='bbox 510 1119 626 1183; x_wconf 87' lang='lat' dir='ltr'>cogimur</span> <span class='ocrx_word' id='word_1_92' title='bbox 634 1117 797 1181; x_wconf 87' lang='lat' dir='ltr'>concludere,</span> <span class='ocrx_word' id='word_1_93' title='bbox 813 1120 869 1169; x_wconf 87' lang='lat' dir='ltr'>cius</span> <span class='ocrx_word' id='word_1_94' title='bbox 879 1125 930 1170; x_wconf 91' lang='lat' dir='ltr'>tres</span> <span class='ocrx_word' id='word_1_95' title='bbox 940 1121 1048 1186; x_wconf 87' lang='lat' dir='ltr'>angulos</span> 
     </span>
     <span class='ocr_line' id='line_1_13' title="bbox 110 1193 1048 1261; baseline 0 -14"><span class='ocrx_word' id='word_1_96' title='bbox 110 1211 168 1247; x_wconf 92' lang='lat' dir='ltr'>esse</span> <span class='ocrx_word' id='word_1_97' title='bbox 177 1195 300 1261; x_wconf 90' lang='lat' dir='ltr'>aequales</span> <span class='ocrx_word' id='word_1_98' title='bbox 313 1193 416 1245; x_wconf 90' lang='lat' dir='ltr'>duobus</span> <span class='ocrx_word' id='word_1_99' title='bbox 430 1196 520 1258; x_wconf 88' lang='lat' dir='ltr'>rectis,</span> <span class='ocrx_word' id='word_1_100' title='bbox 539 1210 592 1247; x_wconf 93' lang='lat' dir='ltr'>non</span> <span class='ocrx_word' id='word_1_101' title='bbox 607 1201 693 1246; x_wconf 88' lang='lat' dir='ltr'>tamen</span> <span class='ocrx_word' id='word_1_102' title='bbox 706 1193 775 1246; x_wconf 89' lang='lat' dir='ltr'>idem</span> <span class='ocrx_word' id='word_1_103' title='bbox 786 1210 928 1261; x_wconf 90' lang='lat' dir='ltr'>possumus</span> <span class='ocrx_word' id='word_1_104' title='bbox 941 1196 1048 1247; x_wconf 90' lang='lat' dir='ltr'>conclu-</span> 
     </span>
     <span class='ocr_line' id='line_1_14' title="bbox 110 1270 1046 1338; baseline 0 -14"><span class='ocrx_word' id='word_1_105' title='bbox 110 1272 171 1324; x_wconf 91' lang='lat' dir='ltr'>dere</span> <span class='ocrx_word' id='word_1_106' title='bbox 188 1286 219 1324; x_wconf 85' lang='lat' dir='ltr'>ex</span> <span class='ocrx_word' id='word_1_107' title='bbox 235 1285 282 1334; x_wconf 91' lang='lat' dir='ltr'>eo,</span> <span class='ocrx_word' id='word_1_108' title='bbox 310 1270 381 1336; x_wconf 93' lang='lat' dir='ltr'>quod</span> <span class='ocrx_word' id='word_1_109' title='bbox 397 1270 461 1322; x_wconf 86' lang='lat' dir='ltr'>forte</span> <span class='ocrx_word' id='word_1_110' title='bbox 480 1286 495 1323; x_wconf 90' lang='lat' dir='ltr'>a</span> <span class='ocrx_word' id='word_1_111' title='bbox 512 1277 618 1322; x_wconf 88' lang='lat' dir='ltr'>naturae</span> <span class='ocrx_word' id='word_1_112' title='bbox 635 1277 738 1322; x_wconf 90' lang='lat' dir='ltr'>nostrae</span> <span class='ocrx_word' id='word_1_113' title='bbox 754 1278 856 1322; x_wconf 90' lang='lat' dir='ltr'>anctore</span> <span class='ocrx_word' id='word_1_114' title='bbox 875 1271 1046 1338; x_wconf 84' lang='lat' dir='ltr'>decipiamur;</span> 
     </span>
     <span class='ocr_line' id='line_1_15' title="bbox 110 1345 1048 1415; baseline -0.003 -14"><span class='ocrx_word' id='word_1_115' title='bbox 110 1347 332 1415; x_wconf 88' lang='lat' dir='ltr'>quemadmodum</span> <span class='ocrx_word' id='word_1_116' title='bbox 342 1362 371 1398; x_wconf 84' lang='lat' dir='ltr'>cr</span> <span class='ocrx_word' id='word_1_117' title='bbox 383 1345 433 1399; x_wconf 92' lang='lat' dir='ltr'>hoc</span> <span class='ocrx_word' id='word_1_118' title='bbox 446 1349 502 1414; x_wconf 89' lang='lat' dir='ltr'>ipso</span> <span class='ocrx_word' id='word_1_119' title='bbox 518 1355 632 1399; x_wconf 90' lang='lat' dir='ltr'>nostram</span> <span class='ocrx_word' id='word_1_120' title='bbox 646 1348 805 1399; x_wconf 80' lang='lat' dir='ltr'>existentiam</span> <span class='ocrx_word' id='word_1_121' title='bbox 819 1349 960 1399; x_wconf 89' lang='lat' dir='ltr'>certissime</span> <span class='ocrx_word' id='word_1_122' title='bbox 974 1349 1048 1400; x_wconf 90' lang='lat' dir='ltr'>colli-</span> 
     </span>
     <span class='ocr_line' id='line_1_16' title="bbox 110 1423 1048 1491; baseline -0.002 -13"><span class='ocrx_word' id='word_1_123' title='bbox 110 1425 246 1491; x_wconf 88' lang='lat' dir='ltr'>gebamus.</span> <span class='ocrx_word' id='word_1_124' title='bbox 284 1423 446 1490; x_wconf 86' lang='lat' dir='ltr'>Quapropter</span> <span class='ocrx_word' id='word_1_125' title='bbox 455 1440 521 1488; x_wconf 92' lang='lat' dir='ltr'>non,</span> <span class='ocrx_word' id='word_1_126' title='bbox 542 1438 707 1490; x_wconf 90' lang='lat' dir='ltr'>quocumque</span> <span class='ocrx_word' id='word_1_127' title='bbox 716 1425 811 1476; x_wconf 88' lang='lat' dir='ltr'>mentis</span> <span class='ocrx_word' id='word_1_128' title='bbox 825 1425 906 1475; x_wconf 88' lang='lat' dir='ltr'>aciem</span> <span class='ocrx_word' id='word_1_129' title='bbox 921 1426 1048 1479; x_wconf 82' lang='lat' dir='ltr'>converti-</span> 
     </span>
     <span class='ocr_line' id='line_1_17' title="bbox 110 1500 1048 1567; baseline 0.001 -15"><span class='ocrx_word' id='word_1_130' title='bbox 110 1516 185 1565; x_wconf 89' lang='lat' dir='ltr'>mus,</span> <span class='ocrx_word' id='word_1_131' title='bbox 205 1501 323 1567; x_wconf 91' lang='lat' dir='ltr'>cogimur</span> <span class='ocrx_word' id='word_1_132' title='bbox 342 1500 508 1565; x_wconf 84' lang='lat' dir='ltr'>concludere,</span> <span class='ocrx_word' id='word_1_133' title='bbox 533 1500 653 1566; x_wconf 78' lang='lat' dir='ltr'>trianguli</span> <span class='ocrx_word' id='word_1_134' title='bbox 670 1507 722 1552; x_wconf 89' lang='lat' dir='ltr'>tres</span> <span class='ocrx_word' id='word_1_135' title='bbox 736 1500 844 1566; x_wconf 91' lang='lat' dir='ltr'>angulos</span> <span class='ocrx_word' id='word_1_136' title='bbox 858 1515 914 1552; x_wconf 88' lang='lat' dir='ltr'>esse</span> <span class='ocrx_word' id='word_1_137' title='bbox 928 1501 1048 1567; x_wconf 85' lang='lat' dir='ltr'>aequales</span> 
     </span>
     <span class='ocr_line' id='line_1_18' title="bbox 111 1576 1048 1643; baseline 0.001 -14"><span class='ocrx_word' id='word_1_138' title='bbox 111 1577 216 1630; x_wconf 90' lang='lat' dir='ltr'>duobus</span> <span class='ocrx_word' id='word_1_139' title='bbox 233 1577 325 1638; x_wconf 88' lang='lat' dir='ltr'>rectis;</span> <span class='ocrx_word' id='word_1_140' title='bbox 349 1576 395 1627; x_wconf 91' lang='lat' dir='ltr'>sed</span> <span class='ocrx_word' id='word_1_141' title='bbox 413 1584 500 1629; x_wconf 88' lang='lat' dir='ltr'>contra</span> <span class='ocrx_word' id='word_1_142' title='bbox 519 1593 623 1629; x_wconf 90' lang='lat' dir='ltr'>cansam</span> <span class='ocrx_word' id='word_1_143' title='bbox 642 1576 777 1630; x_wconf 89' lang='lat' dir='ltr'>dubitandi</span> <span class='ocrx_word' id='word_1_144' title='bbox 798 1578 957 1639; x_wconf 88' lang='lat' dir='ltr'>invenimus,</span> <span class='ocrx_word' id='word_1_145' title='bbox 986 1580 1048 1643; x_wconf 91' lang='lat' dir='ltr'>quia</span> 
     </span>
     <span class='ocr_line' id='line_1_19' title="bbox 111 1651 1048 1721; baseline -0.001 -16"><span class='ocrx_word' id='word_1_146' title='bbox 111 1668 204 1721; x_wconf 90' lang='lat' dir='ltr'>nempe</span> <span class='ocrx_word' id='word_1_147' title='bbox 213 1652 313 1704; x_wconf 91' lang='lat' dir='ltr'>nullam</span> <span class='ocrx_word' id='word_1_148' title='bbox 323 1651 400 1704; x_wconf 90' lang='lat' dir='ltr'>talem</span> <span class='ocrx_word' id='word_1_149' title='bbox 408 1653 456 1706; x_wconf 86' lang='lat' dir='ltr'>Dei</span> <span class='ocrx_word' id='word_1_150' title='bbox 464 1654 549 1705; x_wconf 92' lang='lat' dir='ltr'>ideam</span> <span class='ocrx_word' id='word_1_151' title='bbox 558 1654 696 1718; x_wconf 86' lang='lat' dir='ltr'>habemus,</span> <span class='ocrx_word' id='word_1_152' title='bbox 717 1669 782 1720; x_wconf 92' lang='lat' dir='ltr'>quae</span> <span class='ocrx_word' id='word_1_153' title='bbox 792 1669 839 1705; x_wconf 93' lang='lat' dir='ltr'>nos</span> <span class='ocrx_word' id='word_1_154' title='bbox 849 1655 885 1704; x_wconf 91' lang='lat' dir='ltr'>ita</span> <span class='ocrx_word' id='word_1_155' title='bbox 894 1654 999 1717; x_wconf 88' lang='lat' dir='ltr'>afficiat,</span> <span class='ocrx_word' id='word_1_156' title='bbox 1017 1659 1048 1706; x_wconf 90' lang='lat' dir='ltr'>ut</span> 
     </span>
     <span class='ocr_line' id='line_1_20' title="bbox 111 1728 1047 1797; baseline 0 -15"><span class='ocrx_word' id='word_1_157' title='bbox 111 1730 187 1782; x_wconf 91' lang='lat' dir='ltr'>nobis</span> <span class='ocrx_word' id='word_1_158' title='bbox 196 1728 358 1797; x_wconf 89' lang='lat' dir='ltr'>impossibile</span> <span class='ocrx_word' id='word_1_159' title='bbox 367 1730 401 1780; x_wconf 93' lang='lat' dir='ltr'>sit</span> <span class='ocrx_word' id='word_1_160' title='bbox 411 1731 534 1795; x_wconf 88' lang='lat' dir='ltr'>cogitare,</span> <span class='ocrx_word' id='word_1_161' title='bbox 554 1733 639 1781; x_wconf 85' lang='lat' dir='ltr'>Deum</span> <span class='ocrx_word' id='word_1_162' title='bbox 649 1745 705 1782; x_wconf 90' lang='lat' dir='ltr'>esse</span> <span class='ocrx_word' id='word_1_163' title='bbox 716 1731 888 1797; x_wconf 86' lang='lat' dir='ltr'>deceptorem.</span> <span class='ocrx_word' id='word_1_164' title='bbox 923 1732 988 1783; x_wconf 90' lang='lat' dir='ltr'>Nam</span> <span class='ocrx_word' id='word_1_165' title='bbox 1002 1744 1047 1782; x_wconf 88' lang='lat' dir='ltr'>ae-</span> 
     </span>
     <span class='ocr_line' id='line_1_21' title="bbox 110 1805 1046 1873; baseline 0 -15"><span class='ocrx_word' id='word_1_166' title='bbox 110 1821 161 1873; x_wconf 91' lang='lat' dir='ltr'>que</span> <span class='ocrx_word' id='word_1_167' title='bbox 170 1806 246 1858; x_wconf 78' lang='lat' dir='ltr'>facile</span> <span class='ocrx_word' id='word_1_168' title='bbox 256 1805 341 1866; x_wconf 90' lang='lat' dir='ltr'>cstei,</span> <span class='ocrx_word' id='word_1_169' title='bbox 361 1807 500 1870; x_wconf 86' lang='lat' dir='ltr'>quiveram</span> <span class='ocrx_word' id='word_1_170' title='bbox 508 1807 557 1857; x_wconf 85' lang='lat' dir='ltr'>Dei</span> <span class='ocrx_word' id='word_1_171' title='bbox 566 1807 650 1859; x_wconf 89' lang='lat' dir='ltr'>ideam</span> <span class='ocrx_word' id='word_1_172' title='bbox 664 1807 821 1870; x_wconf 88' lang='lat' dir='ltr'>nonhabet,</span> <span class='ocrx_word' id='word_1_173' title='bbox 840 1821 919 1872; x_wconf 91' lang='lat' dir='ltr'>quam</span> <span class='ocrx_word' id='word_1_174' title='bbox 932 1822 980 1858; x_wconf 90' lang='lat' dir='ltr'>nos</span> <span class='ocrx_word' id='word_1_175' title='bbox 993 1821 1046 1858; x_wconf 92' lang='lat' dir='ltr'>non</span> 
     </span>
     <span class='ocr_line' id='line_1_22' title="bbox 108 1882 1046 1949; baseline 0 -15"><span class='ocrx_word' id='word_1_176' title='bbox 108 1882 203 1936; x_wconf 86' lang='lat' dir='ltr'>babere</span> <span class='ocrx_word' id='word_1_177' title='bbox 218 1883 272 1935; x_wconf 89' lang='lat' dir='ltr'>iam</span> <span class='ocrx_word' id='word_1_178' title='bbox 289 1882 474 1948; x_wconf 84' lang='lat' dir='ltr'>supponimus,</span> <span class='ocrx_word' id='word_1_179' title='bbox 494 1884 603 1949; x_wconf 89' lang='lat' dir='ltr'>cogitare</span> <span class='ocrx_word' id='word_1_180' title='bbox 617 1900 695 1936; x_wconf 89' lang='lat' dir='ltr'>suum</span> <span class='ocrx_word' id='word_1_181' title='bbox 709 1890 840 1935; x_wconf 90' lang='lat' dir='ltr'>auctorem</span> <span class='ocrx_word' id='word_1_182' title='bbox 854 1898 911 1934; x_wconf 91' lang='lat' dir='ltr'>esse</span> <span class='ocrx_word' id='word_1_183' title='bbox 924 1882 1046 1949; x_wconf 88' lang='lat' dir='ltr'>decepto-</span> 
     </span>
     <span class='ocr_line' id='line_1_23' title="bbox 108 1959 1046 2027; baseline -0.001 -17"><span class='ocrx_word' id='word_1_184' title='bbox 108 1974 179 2023; x_wconf 90' lang='lat' dir='ltr'>rem,</span> <span class='ocrx_word' id='word_1_185' title='bbox 199 1972 340 2025; x_wconf 88' lang='lat' dir='ltr'>qnamnou</span> <span class='ocrx_word' id='word_1_186' title='bbox 356 1972 412 2010; x_wconf 88' lang='lat' dir='ltr'>esse</span> <span class='ocrx_word' id='word_1_187' title='bbox 426 1959 600 2027; x_wconf 66' lang='lat' dir='ltr'>deceptorem</span> <span class='ocrx_word' id='word_1_188' title='bbox 621 1960 839 2027; x_wconf 86' lang='lat' dir='ltr'>quemadmodum</span> <span class='ocrx_word' id='word_1_189' title='bbox 852 1960 904 2021; x_wconf 90' lang='lat' dir='ltr'>illi,</span> <span class='ocrx_word' id='word_1_190' title='bbox 925 1960 971 2025; x_wconf 92' lang='lat' dir='ltr'>qui</span> <span class='ocrx_word' id='word_1_191' title='bbox 984 1959 1046 2010; x_wconf 91' lang='lat' dir='ltr'>nul-</span> 
     </span>
     <span class='ocr_line' id='line_1_24' title="bbox 108 2033 1046 2104; baseline -0.001 -17"><span class='ocrx_word' id='word_1_192' title='bbox 108 2035 161 2087; x_wconf 88' lang='lat' dir='ltr'>lam</span> <span class='ocrx_word' id='word_1_193' title='bbox 177 2033 257 2086; x_wconf 88' lang='lat' dir='ltr'>babet</span> <span class='ocrx_word' id='word_1_194' title='bbox 273 2035 394 2100; x_wconf 77' lang='lat' dir='ltr'>trianguli</span> <span class='ocrx_word' id='word_1_195' title='bbox 409 2035 507 2099; x_wconf 89' lang='lat' dir='ltr'>ideam,</span> <span class='ocrx_word' id='word_1_196' title='bbox 527 2052 608 2104; x_wconf 88' lang='lat' dir='ltr'>aeque</span> <span class='ocrx_word' id='word_1_197' title='bbox 626 2038 699 2089; x_wconf 83' lang='lat' dir='ltr'>facile</span> <span class='ocrx_word' id='word_1_198' title='bbox 718 2042 757 2088; x_wconf 91' lang='lat' dir='ltr'>est</span> <span class='ocrx_word' id='word_1_199' title='bbox 776 2037 901 2100; x_wconf 89' lang='lat' dir='ltr'>cogitare,</span> <span class='ocrx_word' id='word_1_200' title='bbox 921 2036 977 2085; x_wconf 90' lang='lat' dir='ltr'>eius</span> <span class='ocrx_word' id='word_1_201' title='bbox 994 2041 1046 2086; x_wconf 89' lang='lat' dir='ltr'>tres</span> 
     </span>
     <span class='ocr_line' id='line_1_25' title="bbox 108 2110 1043 2179; baseline -0.002 -16"><span class='ocrx_word' id='word_1_202' title='bbox 108 2111 219 2178; x_wconf 88' lang='lat' dir='ltr'>angulos</span> <span class='ocrx_word' id='word_1_203' title='bbox 236 2110 357 2176; x_wconf 88' lang='lat' dir='ltr'>aequales</span> <span class='ocrx_word' id='word_1_204' title='bbox 375 2126 446 2175; x_wconf 89' lang='lat' dir='ltr'>esse,</span> <span class='ocrx_word' id='word_1_205' title='bbox 466 2127 544 2178; x_wconf 90' lang='lat' dir='ltr'>quam</span> <span class='ocrx_word' id='word_1_206' title='bbox 562 2130 614 2166; x_wconf 94' lang='lat' dir='ltr'>non</span> <span class='ocrx_word' id='word_1_207' title='bbox 633 2129 689 2166; x_wconf 89' lang='lat' dir='ltr'>esse</span> <span class='ocrx_word' id='word_1_208' title='bbox 703 2113 823 2179; x_wconf 86' lang='lat' dir='ltr'>aequales</span> <span class='ocrx_word' id='word_1_209' title='bbox 837 2110 940 2161; x_wconf 91' lang='lat' dir='ltr'>duobus</span> <span class='ocrx_word' id='word_1_210' title='bbox 958 2112 1043 2163; x_wconf 87' lang='lat' dir='ltr'>rectis.</span> 
     </span>
     <span class='ocr_line' id='line_1_26' title="bbox 106 2186 1043 2257; baseline -0.001 -18"><span class='ocrx_word' id='word_1_211' title='bbox 106 2188 193 2251; x_wconf 84' lang='lat' dir='ltr'>Quare</span> <span class='ocrx_word' id='word_1_212' title='bbox 202 2186 382 2251; x_wconf 89' lang='lat' dir='ltr'>concedimus,</span> <span class='ocrx_word' id='word_1_213' title='bbox 401 2204 450 2240; x_wconf 93' lang='lat' dir='ltr'>nos</span> <span class='ocrx_word' id='word_1_214' title='bbox 464 2190 495 2241; x_wconf 93' lang='lat' dir='ltr'>de</span> <span class='ocrx_word' id='word_1_215' title='bbox 508 2190 579 2242; x_wconf 89' lang='lat' dir='ltr'>nulla</span> <span class='ocrx_word' id='word_1_216' title='bbox 592 2206 619 2243; x_wconf 89' lang='lat' dir='ltr'>rc</span> <span class='ocrx_word' id='word_1_217' title='bbox 631 2197 732 2257; x_wconf 88' lang='lat' dir='ltr'>praetor</span> <span class='ocrx_word' id='word_1_218' title='bbox 745 2194 859 2240; x_wconf 89' lang='lat' dir='ltr'>nostram</span> <span class='ocrx_word' id='word_1_219' title='bbox 872 2187 1043 2250; x_wconf 79' lang='lat' dir='ltr'>existentiam,</span> 
     </span>
     <span class='ocr_line' id='line_1_27' title="bbox 107 2263 1041 2334; baseline 0.001 -18"><span class='ocrx_word' id='word_1_220' title='bbox 107 2265 225 2330; x_wconf 80' lang='lat' dir='ltr'>quamvis</span> <span class='ocrx_word' id='word_1_221' title='bbox 234 2263 346 2315; x_wconf 92' lang='lat' dir='ltr'>adillius</span> <span class='ocrx_word' id='word_1_222' title='bbox 355 2264 597 2318; x_wconf 88' lang='lat' dir='ltr'>demonstrationem</span> <span class='ocrx_word' id='word_1_223' title='bbox 606 2266 686 2334; x_wconf 91' lang='lat' dir='ltr'>probe</span> <span class='ocrx_word' id='word_1_224' title='bbox 701 2264 877 2325; x_wconf 89' lang='lat' dir='ltr'>attendamus,</span> <span class='ocrx_word' id='word_1_225' title='bbox 896 2278 972 2329; x_wconf 90' lang='lat' dir='ltr'>posse</span> <span class='ocrx_word' id='word_1_226' title='bbox 985 2279 1041 2317; x_wconf 88' lang='lat' dir='ltr'>csse</span> 
     </span>
     <span class='ocr_line' id='line_1_28' title="bbox 106 2340 1042 2406; baseline -0.001 -13"><span class='ocrx_word' id='word_1_227' title='bbox 106 2340 226 2393; x_wconf 85' lang='lat' dir='ltr'>absolute</span> <span class='ocrx_word' id='word_1_228' title='bbox 236 2345 334 2403; x_wconf 90' lang='lat' dir='ltr'>certos,</span> <span class='ocrx_word' id='word_1_229' title='bbox 353 2355 431 2406; x_wconf 91' lang='lat' dir='ltr'>quam</span> <span class='ocrx_word' id='word_1_230' title='bbox 440 2342 486 2393; x_wconf 88' lang='lat' dir='ltr'>diu</span> <span class='ocrx_word' id='word_1_231' title='bbox 495 2343 597 2394; x_wconf 92' lang='lat' dir='ltr'>nullum</span> <span class='ocrx_word' id='word_1_232' title='bbox 606 2345 654 2394; x_wconf 89' lang='lat' dir='ltr'>Dei</span> <span class='ocrx_word' id='word_1_233' title='bbox 664 2344 761 2395; x_wconf 89' lang='lat' dir='ltr'>clarum</span> <span class='ocrx_word' id='word_1_234' title='bbox 775 2348 800 2393; x_wconf 89' lang='lat' dir='ltr'>et</span> <span class='ocrx_word' id='word_1_235' title='bbox 814 2340 964 2391; x_wconf 90' lang='lat' dir='ltr'>distinctum</span> <span class='ocrx_word' id='word_1_236' title='bbox 979 2355 1042 2392; x_wconf 92' lang='lat' dir='ltr'>con-</span> 
     </span>
     <span class='ocr_line' id='line_1_29' title="bbox 106 2415 1044 2484; baseline 0 -16"><span class='ocrx_word' id='word_1_237' title='bbox 106 2424 212 2484; x_wconf 89' lang='lat' dir='ltr'>ceptum</span> <span class='ocrx_word' id='word_1_238' title='bbox 229 2415 369 2479; x_wconf 89' lang='lat' dir='ltr'>babemus,</span> <span class='ocrx_word' id='word_1_239' title='bbox 389 2420 434 2484; x_wconf 93' lang='lat' dir='ltr'>qui</span> <span class='ocrx_word' id='word_1_240' title='bbox 452 2434 499 2471; x_wconf 90' lang='lat' dir='ltr'>nos</span> <span class='ocrx_word' id='word_1_241' title='bbox 517 2420 641 2472; x_wconf 83' lang='lat' dir='ltr'>affirmare</span> <span class='ocrx_word' id='word_1_242' title='bbox 658 2420 747 2482; x_wconf 89' lang='lat' dir='ltr'>faciat,</span> <span class='ocrx_word' id='word_1_243' title='bbox 766 2420 851 2468; x_wconf 88' lang='lat' dir='ltr'>Deum</span> <span class='ocrx_word' id='word_1_244' title='bbox 869 2429 925 2467; x_wconf 91' lang='lat' dir='ltr'>esse</span> <span class='ocrx_word' id='word_1_245' title='bbox 942 2430 1044 2468; x_wconf 86' lang='lat' dir='ltr'>summo</span> 
     </span>
     <span class='ocr_line' id='line_1_30' title="bbox 106 2493 1045 2562; baseline 0.001 -18"><span class='ocrx_word' id='word_1_246' title='bbox 106 2508 237 2557; x_wconf 75' lang='lat' dir='ltr'>veracem,</span> <span class='ocrx_word' id='word_1_247' title='bbox 256 2493 333 2543; x_wconf 92' lang='lat' dir='ltr'>sicuti</span> <span class='ocrx_word' id='word_1_248' title='bbox 349 2493 420 2557; x_wconf 90' lang='lat' dir='ltr'>idea,</span> <span class='ocrx_word' id='word_1_249' title='bbox 440 2511 517 2562; x_wconf 90' lang='lat' dir='ltr'>qnam</span> <span class='ocrx_word' id='word_1_250' title='bbox 535 2495 656 2562; x_wconf 90' lang='lat' dir='ltr'>trianguli</span> <span class='ocrx_word' id='word_1_251' title='bbox 673 2495 812 2556; x_wconf 87' lang='lat' dir='ltr'>hahemus,</span> <span class='ocrx_word' id='word_1_252' title='bbox 832 2506 880 2543; x_wconf 93' lang='lat' dir='ltr'>nos</span> <span class='ocrx_word' id='word_1_253' title='bbox 896 2494 964 2557; x_wconf 88' lang='lat' dir='ltr'>cogit</span> <span class='ocrx_word' id='word_1_254' title='bbox 981 2507 1045 2545; x_wconf 87' lang='lat' dir='ltr'>oon-</span> 
     </span>
     <span class='ocr_line' id='line_1_31' title="bbox 106 2568 1044 2640; baseline 0.002 -20"><span class='ocrx_word' id='word_1_255' title='bbox 106 2568 225 2632; x_wconf 89' lang='lat' dir='ltr'>cludcre,</span> <span class='ocrx_word' id='word_1_256' title='bbox 245 2569 303 2620; x_wconf 89' lang='lat' dir='ltr'>eius</span> <span class='ocrx_word' id='word_1_257' title='bbox 312 2574 363 2621; x_wconf 88' lang='lat' dir='ltr'>tres</span> <span class='ocrx_word' id='word_1_258' title='bbox 372 2573 480 2636; x_wconf 87' lang='lat' dir='ltr'>angulos</span> <span class='ocrx_word' id='word_1_259' title='bbox 490 2589 546 2626; x_wconf 88' lang='lat' dir='ltr'>csse</span> <span class='ocrx_word' id='word_1_260' title='bbox 556 2573 676 2640; x_wconf 89' lang='lat' dir='ltr'>aequales</span> <span class='ocrx_word' id='word_1_261' title='bbox 686 2570 788 2624; x_wconf 93' lang='lat' dir='ltr'>duobus</span> <span class='ocrx_word' id='word_1_262' title='bbox 798 2570 887 2631; x_wconf 87' lang='lat' dir='ltr'>rectis;</span> <span class='ocrx_word' id='word_1_263' title='bbox 907 2569 1044 2636; x_wconf 86' lang='lat' dir='ltr'>sednega·</span> 
     </span>
     <span class='ocr_line' id='line_1_32' title="bbox 105 2644 1041 2717; baseline 0.002 -21"><span class='ocrx_word' id='word_1_264' title='bbox 105 2659 180 2707; x_wconf 91' lang='lat' dir='ltr'>mus,</span> <span class='ocrx_word' id='word_1_265' title='bbox 199 2659 249 2696; x_wconf 89' lang='lat' dir='ltr'>nos</span> <span class='ocrx_word' id='word_1_266' title='bbox 257 2644 315 2696; x_wconf 91' lang='lat' dir='ltr'>ideo</span> <span class='ocrx_word' id='word_1_267' title='bbox 325 2646 352 2696; x_wconf 91' lang='lat' dir='ltr'>in</span> <span class='ocrx_word' id='word_1_268' title='bbox 360 2647 459 2700; x_wconf 91' lang='lat' dir='ltr'>nullius</span> <span class='ocrx_word' id='word_1_269' title='bbox 467 2652 504 2702; x_wconf 85' lang='lat' dir='ltr'>rai</span> <span class='ocrx_word' id='word_1_270' title='bbox 514 2652 686 2717; x_wconf 89' lang='lat' dir='ltr'>cognitionem</span> <span class='ocrx_word' id='word_1_271' title='bbox 700 2649 830 2714; x_wconf 88' lang='lat' dir='ltr'>pervenire</span> <span class='ocrx_word' id='word_1_272' title='bbox 844 2660 930 2713; x_wconf 91' lang='lat' dir='ltr'>posse.</span> <span class='ocrx_word' id='word_1_273' title='bbox 966 2649 1041 2708; x_wconf 90' lang='lat' dir='ltr'>Nam,</span> 
     </span>
     <span class='ocr_line' id='line_1_33' title="bbox 107 2719 1043 2793; baseline 0.001 -20"><span class='ocrx_word' id='word_1_274' title='bbox 107 2727 138 2773; x_wconf 94' lang='lat' dir='ltr'>ut</span> <span class='ocrx_word' id='word_1_275' title='bbox 146 2736 176 2774; x_wconf 85' lang='lat' dir='ltr'>ex</span> <span class='ocrx_word' id='word_1_276' title='bbox 184 2719 307 2773; x_wconf 91' lang='lat' dir='ltr'>omnibus</span> <span class='ocrx_word' id='word_1_277' title='bbox 315 2722 419 2774; x_wconf 89' lang='lat' dir='ltr'>iamiam</span> <span class='ocrx_word' id='word_1_278' title='bbox 428 2724 502 2777; x_wconf 90' lang='lat' dir='ltr'>dictis</span> <span class='ocrx_word' id='word_1_279' title='bbox 511 2733 590 2793; x_wconf 85' lang='lat' dir='ltr'>patet,</span> <span class='ocrx_word' id='word_1_280' title='bbox 606 2726 681 2778; x_wconf 89' lang='lat' dir='ltr'>cardo</span> <span class='ocrx_word' id='word_1_281' title='bbox 691 2725 771 2775; x_wconf 88' lang='lat' dir='ltr'>totius</span> <span class='ocrx_word' id='word_1_282' title='bbox 780 2724 817 2775; x_wconf 90' lang='lat' dir='ltr'>rei</span> <span class='ocrx_word' id='word_1_283' title='bbox 826 2722 911 2774; x_wconf 91' lang='lat' dir='ltr'>inhoc</span> <span class='ocrx_word' id='word_1_284' title='bbox 920 2723 976 2775; x_wconf 94' lang='lat' dir='ltr'>solo</span> <span class='ocrx_word' id='word_1_285' title='bbox 986 2738 1043 2777; x_wconf 85' lang='lat' dir='ltr'>ver-</span> 
     </span>
    </p>
   </div>
   <div class='ocr_carea' id='block_1_3' title="bbox 78 2799 1098 3173">
    <p class='ocr_par' dir='ltr' id='par_1_3' title="bbox 106 2799 1042 2869">
     <span class='ocr_line' id='line_1_34' title="bbox 106 2799 1042 2869; baseline 0 -20"><span class='ocrx_word' id='word_1_286' title='bbox 106 2804 191 2861; x_wconf 86' lang='lat' dir='ltr'>satur,</span> <span class='ocrx_word' id='word_1_287' title='bbox 210 2812 305 2863; x_wconf 87' lang='lat' dir='ltr'>uempe</span> <span class='ocrx_word' id='word_1_288' title='bbox 313 2803 348 2849; x_wconf 88' lang='lat' dir='ltr'>ut</span> <span class='ocrx_word' id='word_1_289' title='bbox 361 2799 438 2852; x_wconf 91' lang='lat' dir='ltr'>talem</span> <span class='ocrx_word' id='word_1_290' title='bbox 450 2802 498 2854; x_wconf 86' lang='lat' dir='ltr'>Dei</span> <span class='ocrx_word' id='word_1_291' title='bbox 513 2809 667 2869; x_wconf 89' lang='lat' dir='ltr'>conceptum</span> <span class='ocrx_word' id='word_1_292' title='bbox 682 2802 814 2852; x_wconf 81' lang='lat' dir='ltr'>efformare</span> <span class='ocrx_word' id='word_1_293' title='bbox 826 2801 973 2866; x_wconf 90' lang='lat' dir='ltr'>possimus,</span> <span class='ocrx_word' id='word_1_294' title='bbox 997 2799 1042 2863; x_wconf 92' lang='lat' dir='ltr'>qui</span> 
     </span>
    </p>

    <p class='ocr_par' dir='ltr' id='par_1_4' title="bbox 106 2874 1041 2943">
     <span class='ocr_line' id='line_1_35' title="bbox 106 2874 1041 2943; baseline 0.001 -19"><span class='ocrx_word' id='word_1_295' title='bbox 106 2888 154 2925; x_wconf 91' lang='lat' dir='ltr'>nos</span> <span class='ocrx_word' id='word_1_296' title='bbox 162 2875 200 2926; x_wconf 89' lang='lat' dir='ltr'>ita</span> <span class='ocrx_word' id='word_1_297' title='bbox 208 2874 343 2940; x_wconf 90' lang='lat' dir='ltr'>disponat,</span> <span class='ocrx_word' id='word_1_298' title='bbox 363 2883 393 2926; x_wconf 91' lang='lat' dir='ltr'>nt</span> <span class='ocrx_word' id='word_1_299' title='bbox 401 2877 477 2929; x_wconf 91' lang='lat' dir='ltr'>nobis</span> <span class='ocrx_word' id='word_1_300' title='bbox 486 2893 538 2929; x_wconf 93' lang='lat' dir='ltr'>non</span> <span class='ocrx_word' id='word_1_301' title='bbox 548 2893 629 2943; x_wconf 88' lang='lat' dir='ltr'>aeque</span> <span class='ocrx_word' id='word_1_302' title='bbox 639 2877 713 2928; x_wconf 84' lang='lat' dir='ltr'>facila</span> <span class='ocrx_word' id='word_1_303' title='bbox 722 2878 756 2927; x_wconf 93' lang='lat' dir='ltr'>sit</span> <span class='ocrx_word' id='word_1_304' title='bbox 765 2877 884 2941; x_wconf 89' lang='lat' dir='ltr'>cogitare,</span> <span class='ocrx_word' id='word_1_305' title='bbox 904 2887 1041 2934; x_wconf 86' lang='lat' dir='ltr'>comesse,</span> 
     </span>
    </p>

    <p class='ocr_par' dir='ltr' id='par_1_5' title="bbox 78 2951 1098 3173">
     <span class='ocr_line' id='line_1_36' title="bbox 106 2951 1047 3022; baseline 0 -24"><span class='ocrx_word' id='word_1_306' title='bbox 106 2963 183 3012; x_wconf 85' lang='lat' dir='ltr'>qnam</span> <span class='ocrx_word' id='word_1_307' title='bbox 199 2965 252 2999; x_wconf 88' lang='lat' dir='ltr'>non</span> <span class='ocrx_word' id='word_1_308' title='bbox 271 2965 328 3001; x_wconf 87' lang='lat' dir='ltr'>esse</span> <span class='ocrx_word' id='word_1_309' title='bbox 346 2951 523 3021; x_wconf 67' lang='lat' dir='ltr'>deceptorem</span> <span class='ocrx_word' id='word_1_310' title='bbox 543 2953 591 3007; x_wconf 90' lang='lat' dir='ltr'>sed</span> <span class='ocrx_word' id='word_1_311' title='bbox 608 2954 722 3022; x_wconf 90' lang='lat' dir='ltr'>quinos</span> <span class='ocrx_word' id='word_1_312' title='bbox 738 2959 813 3020; x_wconf 76' lang='lat' dir='ltr'>cogot</span> <span class='ocrx_word' id='word_1_313' title='bbox 824 2952 967 3011; x_wconf 65' lang='lat' dir='ltr'>affirmare,</span> <span class='ocrx_word' id='word_1_314' title='bbox 982 2963 1047 2999; x_wconf 76' lang='lat' dir='ltr'>curu</span> 
     </span>
     <span class='ocr_line' id='line_1_37' title="bbox 85 3025 1071 3100; baseline 0.003 -31"><span class='ocrx_word' id='word_1_315' title='bbox 85 3033 149 3100; x_wconf 75' lang='lat' dir='ltr'>¹ease</span> <span class='ocrx_word' id='word_1_316' title='bbox 164 3037 271 3076; x_wconf 88' lang='lat' dir='ltr'>summo</span> <span class='ocrx_word' id='word_1_317' title='bbox 290 3040 418 3085; x_wconf 79' lang='lat' dir='ltr'>veracem.</span> <span class='ocrx_word' id='word_1_318' title='bbox 458 3033 512 3087; x_wconf 89' lang='lat' dir='ltr'>Ubi</span> <span class='ocrx_word' id='word_1_319' title='bbox 530 3035 605 3088; x_wconf 88' lang='lat' dir='ltr'>enim</span> <span class='ocrx_word' id='word_1_320' title='bbox 623 3034 709 3090; x_wconf 75' lang='lat' dir='ltr'>tatem</span> <span class='ocrx_word' id='word_1_321' title='bbox 723 3034 816 3089; x_wconf 75' lang='lat' dir='ltr'>&#39;adeam</span> <span class='ocrx_word' id='word_1_322' title='bbox 831 3025 1071 3084; x_wconf 61' lang='lat' dir='ltr'>edomuimus,</span> 
     </span>
     <span class='ocr_line' id='line_1_38' title="bbox 78 3089 1098 3173; baseline -0.001 -17"><span class='ocrx_word' id='word_1_323' title='bbox 78 3089 122 3138; x_wconf 73' lang='lat'>¹¹¹⁸</span> <span class='ocrx_word' id='word_1_324' title='bbox 139 3093 175 3146; x_wconf 66' lang='lat' dir='ltr'>dv</span> <span class='ocrx_word' id='word_1_325' title='bbox 189 3099 393 3164; x_wconf 73' lang='lat' dir='ltr'>mathematicis</span> <span class='ocrx_word' id='word_1_326' title='bbox 414 3113 580 3173; x_wconf 80' lang='lat' dir='ltr'>veritatibus</span> <span class='ocrx_word' id='word_1_327' title='bbox 597 3115 751 3173; x_wconf 79' lang='lat' dir='ltr'>dubitanda</span> <span class='ocrx_word' id='word_1_328' title='bbox 764 3113 837 3170; x_wconf 78' lang='lat' dir='ltr'>aetio</span> <span class='ocrx_word' id='word_1_329' title='bbox 855 3107 980 3161; x_wconf 63' lang='lat' dir='ltr'>toletum</span> <span class='ocrx_word' id='word_1_330' title='bbox 1014 3099 1098 3150; x_wconf 58' lang='lat' dir='ltr'>dm</span> 
     </span>
    </p>
   </div>
   <div class='ocr_carea' id='block_1_4' title="bbox 0 0 1138 3406">
    <p class='ocr_par' dir='ltr' id='par_1_6' title="bbox 0 0 1138 3406">
     <span class='ocr_line' id='line_1_39' title="bbox 0 0 1138 3406; baseline 0 0"><span class='ocrx_word' id='word_1_331' title='bbox 0 0 1138 3406; x_wconf 95' lang='lat' dir='ltr'> </span> 
     </span>
    </p>
   </div>
  </div>
 </body>
</html>
