2266 3406
490 188 571 235 rins
588 189 608 234 r.
973 190 1014 249 37

132 361 615 429 ommtmdtqctidpocitioum,
629 363 932 429 mammetem,
944 368 1015 429 quod

82 442 179 493 debeat
189 437 260 490 aridii
270 452 323 507 pro
336 452 415 492 cama
432 437 496 505 (per
508 453 556 489 ae.
572 437 622 502 7.).
656 439 732 504 Ergo
746 438 864 504 aliquam
872 441 1015 509 potitium

82 515 407 578 maureconem,
426 517 591 577 onocoetae,
610 514 886 580 asac'gnmdcdmm,
905 530 1014 582 eam

82 597 229 656 mmm,
249 591 354 652 doceot,
373 594 739 657 quaeeoetraremp'paamect
759 590 951 655 oelirrtemam,
966 594 1014 643 hoc

81 673 225 799 w
240 668 270 717 in
286 669 384 716 matra
400 669 428 716 et
439 664 589 732 definitione
601 669 643 716 rec·
654 669 737 734 ipsius
749 671 886 757 conteretis
899 683 1013 735 compre·

82 880 363 960 Propositiones
390 889 541 961 quatuor
568 889 761 958 sequentes
789 900 829 941 ex
852 882 1015 943 Cartesio

453 973 643 1035 desumtae.

83 1078 263 1143 PROPOS.
271 1079 312 1141 V.
357 1081 415 1142 Dei
429 1082 586 1143 existentia
599 1101 637 1141 ex
650 1081 717 1145 sole
731 1083 798 1147 eius
810 1089 930 1145 naturae
948 1103 1016 1143 oon-

355 1173 532 1236 aideratione
550 1174 745 1254 cognoscitur.

132 1275 303 1325 Dmoasrn.
337 1272 409 1325 Idem
419 1279 458 1324 est
467 1274 551 1326 dicere
560 1273 657 1338 aliquid
666 1275 693 1324 in
702 1274 738 1326 rei
748 1273 857 1326 adonim
866 1278 1016 1328 naturasire

86 1355 212 1417 conceptu
222 1349 364 1412 contineri,
383 1349 504 1402 aedicere
518 1350 545 1402 id
558 1351 644 1417 ipsum
658 1349 690 1400 de
704 1364 733 1402 ea
746 1365 774 1402 re
787 1365 844 1402 esse
856 1365 945 1404 terrim
960 1354 1018 1418 (per

85 1425 134 1477 dei.
145 1427 197 1492 9.).
234 1425 317 1491 Atqui
330 1425 462 1476 existentia
475 1427 617 1478 necessaria
631 1427 658 1475 in
671 1426 719 1477 Dei
732 1433 858 1493 conceptu
872 1428 1018 1479 continetur

86 1503 143 1568 (per
151 1517 191 1553 ar.
203 1501 254 1567 6.).
291 1501 359 1567 Ergo
367 1515 456 1554 uerum
465 1511 505 1555 est
513 1503 545 1555 de
553 1505 608 1554 Deo
618 1503 715 1564 dicere,
726 1503 896 1555 necessariam
906 1504 1017 1556 existen-

85 1579 146 1630 tiam
152 1578 182 1628 in
191 1591 223 1628 eo
233 1590 291 1628 esso
299 1578 352 1628 siue
361 1578 447 1643 ipsum
457 1580 572 1630 existere.

134 1653 257 1706 sciret..
293 1653 332 1704 Er
347 1652 394 1705 iiao
412 1656 587 1722 propositione
609 1654 690 1706 multa
710 1655 839 1722 praeclara
861 1660 1016 1720 sequuntur.

84 1732 139 1781 imo
152 1728 187 1781 ab
200 1729 251 1780 hoc
265 1728 335 1791 solo,
353 1729 423 1795 qnod
436 1730 529 1782 adlici
542 1737 659 1782 naturam
672 1732 783 1798 pertinet
795 1732 942 1794 existentia,
965 1732 1018 1784 aive

84 1805 154 1871 quod
161 1806 212 1857 Dei
225 1811 365 1871 conceptus
379 1806 483 1858 involuit
496 1807 665 1858 neeessariam
678 1808 853 1870 existentiam,
872 1809 940 1862 sicut
954 1822 1018 1860 eon-

84 1888 175 1948 coptos
184 1880 317 1946 trianguli,
328 1880 399 1946 quod
407 1882 463 1933 eius
473 1889 525 1934 tres
533 1884 620 1949 anguli
629 1885 681 1936 sint
689 1883 810 1951 aequales
819 1883 922 1936 duetus
931 1886 1017 1944 rectis,

85 1958 137 2010 riva
144 1956 220 2024 quod
227 1957 285 2008 eius
294 1957 426 2008 oristentia
434 1972 486 2008 non
495 1973 570 2010 secus
580 1967 657 2025 atque
670 1962 727 2012 eius
741 1961 853 2012 essentia
868 1963 902 2011 sit
915 1966 1017 2011 aeterno

84 2034 190 2096 veritae,
210 2033 296 2084 omnis
305 2032 357 2084 iere
365 2034 413 2084 Dei
422 2034 604 2086 attributorum
613 2038 737 2102 cognitio,
756 2050 893 2102 perquam
908 2037 934 2086 in
947 2035 1018 2087 illins

84 2123 198 2161 morem
206 2108 261 2161 sire
271 2122 400 2161 summam
408 2109 594 2163 beatitudinem
608 2111 741 2174 ducimur,
760 2111 897 2177 dependet.
933 2111 1018 2174 Quare

84 2199 239 2253 magnopere
250 2184 447 2237 desiderandum
456 2194 538 2249 esset,
557 2194 588 2239 ut
598 2188 741 2242 humanum
755 2201 837 2254 genus
850 2187 954 2238 tandem
968 2188 1017 2240 aii-

84 2261 188 2328 quando
200 2261 265 2313 haec
277 2260 412 2313 nobiseum
427 2263 631 2328 amplecteretur.
667 2268 758 2317 Fateor
771 2263 875 2329 quidem
893 2263 1019 2328 maedam

83 2336 137 2391 dari
153 2336 325 2405 praeiudicia,
348 2353 415 2404 quoe
428 2339 586 2405 impediunt,
606 2356 657 2407 quo
672 2342 759 2393 minus
773 2339 955 2406 unusquisque
968 2340 1018 2392 hoe

83 2413 146 2467 adeo
155 2413 232 2465 facile
241 2413 375 2479 intelligat.
382 2415 406 2481 ⁸¹)
425 2417 521 2467 Verum
531 2417 553 2467 si
563 2418 624 2482 quis
632 2416 701 2469 bono
710 2417 796 2468 mimo
806 2422 832 2466 ot
840 2415 895 2467 solo
904 2417 1019 2469 veritatis

85 2503 280 2555 suaequeverae
288 2490 406 2542 utilitatis
415 2506 501 2543 umore
510 2492 638 2558 impulsus
647 2509 701 2545 rem
708 2492 851 2544 examinare
857 2493 928 2555 velit,
936 2507 1018 2558 eaque

82 2565 1019 2634 mcumporpenderequaeinCertesiimedit.doprimaphil.V.quee-

82 2656 133 2708 que
142 2643 170 2695 in
180 2640 232 2694 tine
239 2642 436 2708 responsionum
443 2644 475 2696 ad
483 2646 579 2712 primas
588 2647 746 2699 obiectiones
755 2643 891 2706 habentur,
902 2652 929 2696 et
939 2645 1018 2697 simul

83 2732 149 2785 qnae
158 2718 192 2770 de
201 2719 350 2771 aeternitate
363 2727 429 2786 part.
440 2723 475 2773 II.
490 2729 591 2774 nostroe
605 2720 754 2789 appendicis
767 2733 823 2785 cop.
836 2720 860 2770 i.
876 2721 1016 2781 tradimus;

82 2793 366 2861 itprocnlduhiorem
399 2811 477 2862 quam
487 2799 626 2850 clarissimo
635 2797 759 2861 intelliget
768 2802 794 2846 et
803 2796 1017 2850 nullasdubitorr

82 2872 190 2936 poterit,
210 2870 422 2936 numquamne
431 2872 627 2925 ideemhnheat:
647 2870 911 2937 quodsoncprimum
922 2871 1017 2923 durda-

84 2954 203 3001 mentum
213 2952 252 2997 est
258 2946 385 3000 hnmanae
391 2947 572 3004 beatitudinis.
580 2951 649 3006 Nem
657 2945 740 3002 simui
748 2946 1033 3011 ciareuidetiit,ideam

72 3051 243 3066 Μ

108 3102 129 3151 ’)
143 3102 212 3159 ὗθσθ
220 3105 323 3158 circus
329 3115 512 3178 principiorum
523 3124 586 3184 phil.
598 3133 667 3186 part.
676 3122 703 3173 i.
716 3122 791 3173 artic.
800 3122 838 3167 t&
