2266 3406
466 170 545 215 oses
563 170 583 215 e.
949 167 988 225 35

60 352 135 396 omne
154 343 225 410 quod
241 343 317 393 ideae
332 344 457 393 obiectios
470 347 616 406 continent,
635 346 739 395 iabus.
775 341 863 407 Quae
875 348 901 393 si
912 345 989 395 nomo

58 422 177 487 aliquam
185 417 402 481 haimetidcam
421 434 488 484 quos
496 419 559 485 pius
571 421 703 471 rectitatis
716 421 861 471 obiectiooo
874 421 989 470 contine-

57 503 111 562 ret,
140 511 221 562 quam
238 497 293 562 ipse
302 494 443 559 semotus,
469 500 615 547 necessario
634 497 729 547 lumine
746 496 866 547 marculi
882 495 989 562 impulsi

58 574 141 624 aliam
159 586 267 623 causam
283 575 361 621 cetra
373 572 502 621 nominem
515 573 612 636 ipsum,
637 589 705 638 quac
723 587 824 623 omnem
839 571 914 623 iliam
926 587 990 638 per-

52 651 202 714 fectionem
211 647 369 712 formaliter
385 646 427 697 oei
448 649 591 698 eminenter
611 651 767 712 contineret,
794 662 988 714 quomuemus.

57 724 194 777 Nccultus
202 724 597 788 unquomoliomproeterleanc
610 738 717 774 eausam
730 726 892 789 assignant,
909 739 990 790 quam

58 817 141 867 aequo
161 800 232 851 clare
246 803 273 849 et
285 798 406 849 distincte
419 802 576 866 conceperit.
611 800 696 850 Porro
713 800 784 864 quod
799 800 836 850 od
851 803 990 852 veritatem

58 879 136 928 iuius
154 877 298 926 axiomatis
314 877 423 938 attinet,
443 891 475 925 ea
493 893 510 926 a
523 875 740 941 praecedentibus
747 876 856 942 pendet.
889 875 990 943 Nempe

59 953 120 1020 (per
133 968 181 1002 aa.
196 950 238 1018 4.)
261 950 357 1001 dantur
374 951 471 1002 diversi
487 951 588 1016 grodm
604 950 737 1001 rectitatis
753 953 807 1001 sive
825 955 944 1003 entitotis
961 955 991 1003 in

57 1029 123 1080 ideis
126 1047 138 1090 ,·
149 1026 298 1093 acproinde
308 1025 368 1095 (per
373 1043 420 1077 aa.
427 1027 467 1095 8.)
472 1044 524 1095 pro
533 1027 621 1093 gradu
625 1027 798 1093 perfectionis
801 1030 991 1095 perfectiorem

58 1105 322 1169 eausamrequirunt.
356 1103 453 1155 Verum
462 1119 541 1168 quum
549 1104 650 1168 gradus
658 1103 799 1167 rectitatis,
812 1105 989 1169 quosinideis

58 1180 233 1241 advertimus,
251 1181 363 1229 nonunt
372 1183 400 1228 in
408 1179 482 1241 ideis,
503 1184 630 1245 quatenus
640 1179 845 1245 tanquammodi
852 1180 990 1245 cogitandi

59 1256 273 1316 occiderentur,
291 1255 730 1320 sedquotenusunasabstantiom,
750 1255 806 1307 alia
818 1256 990 1307 modumton-

59 1337 112 1383 tum
119 1332 483 1397 substantiocrepraesentat,
501 1347 547 1382 seu
561 1348 613 1382 uno
626 1332 720 1393 uerbo,
738 1337 866 1398 quatenus
879 1338 911 1384 ut
923 1336 989 1383 ima·

59 1410 133 1472 gines
146 1423 237 1458 rerum
249 1406 489 1471 considerantur').·
511 1409 571 1458 ltine
584 1408 655 1458 clarc
667 1411 787 1474 sequitur
799 1408 919 1460 mearum
931 1409 991 1459 καὶ·

60 1484 324 1550 lamatiamprimom
333 1499 520 1550 causampossc
530 1483 603 1542 daei,
618 1484 824 1550 praeter-illam,
842 1501 922 1551 quam
935 1500 990 1536 om·

58 1576 101 1612 nes
109 1560 208 1611 lumine
216 1559 337 1610 naturali
344 1559 414 1610 clare
424 1558 578 1610 eidistinete
587 1559 735 1624 intelligere
748 1560 824 1611 modo
839 1561 990 1611 ostendeba-

59 1650 128 1701 mus,
147 1650 238 1702 nempe
247 1637 275 1684 in
284 1650 338 1699 qua
346 1635 436 1686 eadem
444 1638 502 1702 ipsa
510 1636 632 1699 coalitos,
653 1637 836 1702 qncmiabent
849 1638 988 1697 obiectice,

58 1710 259 1778 celsormaliter
267 1710 309 1761 oei
317 1713 458 1761 eminenter
467 1715 622 1763 continetur.
657 1711 938 1775 Hancconelusioocm,
958 1717 991 1762 ui

58 1787 157 1839 clarius
164 1787 346 1852 intelligatur,
364 1803 416 1837 uno
425 1787 564 1837 autaltero
575 1787 692 1854 coempto
706 1788 854 1854 explicabo.
888 1788 989 1856 Nempe

58 1866 148 1930 siquis
157 1863 239 1914 libros
248 1863 351 1929 aliquos
361 1863 441 1929 (puta
449 1879 528 1914 unum
538 1864 650 1914 alicuius
659 1865 770 1928 insignis
776 1864 934 1931 philosophi,
949 1865 990 1914 ai·

58 1944 143 1990 terum
151 1939 266 1990 alicuius
274 1939 426 2006 nugatorie)
435 1955 489 1990 uno
498 1940 637 2005 eodernque
646 1955 726 1990 manu
734 1943 845 2006 scriptos
853 1940 933 2003 videt,
941 1956 989 1990 nec

59 2015 93 2066 ad
105 2030 212 2067 censum
229 2016 366 2066 uerborum
384 2014 446 2082 (hoe
459 2020 511 2077 ost,
530 2020 656 2082 quaterem
669 2016 751 2066 veluti
763 2018 892 2080 imagines
903 2019 987 2076 sunt),

58 2092 103 2142 sad
118 2096 223 2143 tantum
240 2090 277 2140 ad
288 2091 477 2142 delineamenta
490 2093 671 2143 characterum
684 2096 712 2142 et
722 2091 839 2142 ordinem
851 2091 991 2142 disemum

59 2167 186 2218 attendit:
208 2167 310 2217 nuttam
326 2167 555 2233 inaequalitatem,
584 2183 651 2234 quoe
673 2170 759 2233 ipsum
776 2172 858 2232 cogat
873 2167 990 2218 diversas

58 2259 151 2310 caonas
160 2258 302 2310 quaerore,
318 2245 465 2309 interipsoe
480 2249 617 2308 agnoscet,
635 2243 682 2294 sed
694 2245 746 2309 ipsi
759 2244 792 2292 ab
806 2243 895 2293 eodem
909 2259 991 2295 causa

58 2319 198 2385 sodernque
205 2317 282 2370 modo
287 2322 444 2386 processisse
453 2310 618 2370 uidebuntur.
641 2319 771 2370 Verumsi
780 2318 992 2371 adsensumoer-

59 2396 187 2447 coronet
198 2399 347 2447 orationum
360 2395 492 2455 attendat,
511 2411 636 2460 magnam
649 2399 719 2446 inter
730 2399 801 2464 ipsos
814 2396 991 2461 inaequalita-

58 2475 108 2523 tem
119 2474 250 2539 reperiet,
274 2487 305 2522 aa
314 2471 426 2539 proinde
439 2471 574 2521 concludet
585 2474 663 2522 unicas
676 2472 739 2522 libri
752 2486 860 2522 causam
872 2475 992 2538 primam

57 2547 130 2599 mue
140 2548 272 2598 diuersam
281 2549 392 2614 aprima
401 2562 481 2597 cansa
490 2548 699 2613 alteriusfuisse‚
710 2561 840 2613 unamque
849 2548 906 2599 atio
914 2553 989 2598 tanto

53 2624 243 2690 perfectiorum
255 2624 456 2689 raomasuisso,
476 2628 603 2690 quantum
614 2639 717 2674 enisum
729 2625 879 2674 orationum
890 2627 991 2675 utrius-

57 2714 104 2763 que
113 2700 192 2762 libri,
210 2701 265 2750 sice
279 2704 405 2765 quantum
417 2701 508 2761 cuba,
529 2704 656 2765 quatenus
668 2699 750 2749 veluti
761 2701 891 2763 imagines
906 2704 991 2751 consi-

57 2774 198 2840 derantur,
218 2777 252 2826 ab
260 2777 371 2826 inuicem
379 2774 486 2841 differre
494 2778 604 2842 reperit.
637 2775 744 2840 Loquor
757 2780 844 2825 autem
857 2775 889 2826 dc
898 2779 989 2842 priam

57 2864 136 2904 casua
147 2852 289 2915 librorum,
308 2855 529 2917 qceaaneeessario
539 2849 692 2912 deietdari
710 2852 828 2916 actamnis
837 2851 987 2911 concedam,

105 3036 125 3089 ⁸)
144 3034 180 3080 Do
189 3034 236 3080 hoc
245 3032 316 3078 etiam
326 3034 382 3078 certi
392 3046 487 3091 sumus,
506 3033 560 3091 quie
576 3033 598 3078 id
613 3031 718 3078 iacebis
731 3037 846 3090 quotenus
861 3033 991 3088 cogitantes

56 3095 225 3152 comperimus.
251 3093 527 3150 noemeeoecoolium
