2266 3406
87 174 126 230 14
309 173 540 220 anctetottttut
561 170 791 218 eflttosorfltstt

161 347 271 393 continuo
281 359 295 392 a
304 344 374 401 linea,
384 346 514 390 secundum
524 356 595 402 quam
605 355 667 390 exse
676 342 889 402 pergeretmoreri
903 342 1021 404 delectit3

162 407 232 463 idque
241 406 263 450 vi
272 404 371 450 alicuius
381 416 467 448 causae
477 409 594 449 externae.

88 485 120 528 te.
139 484 214 528 Omne
223 490 320 535 corpus.
339 479 402 532 quod
412 478 556 524 circulariter
565 484 671 523 movetur
684 479 719 532 (ut
731 478 791 536 lapis
805 490 840 524 ex.
851 491 884 535 gr.
895 479 1022 537 infanda),

140 541 249 586 continuo
259 539 440 594 determinatur,
459 545 485 582 ut
493 539 622 583 secundum
633 543 764 594 tangentem
773 543 854 595 pergat
863 539 960 583 moveri.

87 613 118 654 tt.
139 610 214 654 Omne
225 618 322 662 corpus,
337 606 398 662 quod
409 604 554 651 circulariter
562 610 676 655 movetur,
691 611 789 651 conatur
798 605 907 652 recedere
917 619 931 651 a
941 611 1023 651 centro

138 666 230 721 circuli,
250 677 319 722 quem
330 665 449 709 describit.

88 737 120 780 18.
140 736 162 780 Si
173 745 258 788 corpus
269 733 378 789 aliquod,
397 738 453 789 puta
461 733 488 789 A,
508 744 587 778 versus
598 731 662 776 aliud
671 741 755 786 corpus
765 731 888 787 quiescens
897 730 916 774 li
925 741 1023 776 movea-

137 801 186 849 tur,
206 804 249 838 nec
260 793 364 836 tameult
375 798 470 849 propter
484 793 596 848 impetum
611 790 716 846 corporis
729 790 748 834 A
762 790 850 847 aliquid
864 802 922 835 suae
936 790 1022 846 quietis

137 853 239 908 amittat;
259 863 336 908 neque
355 852 425 896 etiam
442 851 461 894 A
479 852 515 896 sui
533 857 611 895 motus
628 849 717 905 aliquid
735 850 838 902 amittet,
861 850 903 894 sed
922 851 1021 894 eandem

137 912 291 968 quantitatem
301 916 390 967 motus,
410 922 480 967 quam
491 916 559 954 autea
569 909 684 964 habebat,
704 921 799 965 prorsus
809 909 927 954 retinebit.

88 980 120 1023 tt.
137 978 213 1023 llotus
224 978 247 1022 iu
258 991 283 1023 se
293 983 410 1034 spectatus
420 977 498 1022 differt
506 992 520 1024 a
529 991 573 1023 sua
582 977 773 1022 determinatione
783 989 864 1021 versus
874 982 963 1022 certam
978 975 1023 1022 ali-

139 1049 210 1093 quam
229 1043 333 1094 partem3
352 1049 429 1094 neque
447 1048 506 1092 opus
524 1043 572 1092 est,
591 1048 676 1092 corpus
694 1041 784 1080 motum
803 1036 867 1080 utin
880 1037 1023 1081 contrariam

138 1102 229 1152 partem
239 1098 328 1142 teratur
337 1097 385 1141 sive
395 1096 534 1153 repellatur,
554 1096 698 1151 aliquamdiu
708 1097 838 1153 quiescere.

112 1153 219 1200 Coroll.
239 1156 316 1202 Motus
326 1169 372 1200 nou
383 1162 417 1201 est
426 1156 500 1201 motui
510 1155 649 1199 contrarius.

87 1223 123 1265 20.
143 1222 166 1267 si
176 1234 261 1278 corpus
272 1223 289 1266 A
300 1223 392 1278 corpori
402 1224 419 1266 B
429 1228 537 1268 occurrat
547 1227 570 1266 et
579 1223 654 1278 ipsum
665 1235 746 1268 secum
760 1223 848 1280 rapiat,
867 1227 958 1267 tautum
972 1235 1025 1268 mo-

139 1283 358 1385 {rlrlga'uffiugfflrB
377 1288 472 1338 propter
489 1283 644 1327 occursumA
662 1283 692 1328 ab
711 1283 763 1340 ipso
776 1283 795 1326 A
808 1282 921 1339 acquirit,
939 1282 969 1326 de
982 1293 1025 1326 suo

21 1458 24 1463 .
86 1419 120 1460 tt.
141 1417 164 1462 Si
174 1428 259 1472 corpus
268 1417 286 1460 A
296 1416 367 1473 duplo
378 1418 454 1462 maius
468 1417 499 1462 sit
512 1429 583 1474 quarn
594 1417 624 1472 B,
645 1423 668 1462 et
681 1430 757 1475 aeque
770 1417 879 1464 celeriter
891 1422 1026 1472 moveatur,

140 1476 237 1521 habebit
245 1477 315 1521 etiam
324 1477 343 1519 A
353 1477 423 1532 duplo
434 1478 547 1521 maiorem
558 1483 648 1521 motum
657 1489 728 1534 quam
737 1478 764 1536 B,
779 1479 827 1524 sive
836 1478 884 1523 vim
893 1477 923 1522 ad
934 1489 1025 1534 aequa-

139 1536 186 1580 lem
196 1534 339 1580 celeritatem
349 1547 402 1580 curu
412 1536 429 1579 B
440 1537 593 1581 retinendam.

92 1614 126 1657 22.
146 1612 169 1657 st
180 1624 264 1669 corpus
274 1612 293 1655 A
302 1611 401 1668 aequale
412 1613 442 1657 sit
451 1612 542 1668 corpori
552 1612 583 1668 B,
604 1613 653 1657 etA
663 1612 735 1668 duplo
748 1612 848 1661 celerius
861 1612 960 1671 quamB
974 1623 1027 1657 mo-

142 1676 235 1727 veatur,
254 1671 288 1715 vis
298 1671 347 1716 sire
357 1677 434 1716 motus
445 1671 467 1714 in
476 1672 495 1714 A
506 1671 550 1715 erit
559 1670 643 1727 duplus
654 1672 726 1728 ipsius
736 1673 762 1716 B.

40 1782 42 1787 ,
117 1730 224 1776 Coroll.
243 1732 263 1774 t.
290 1730 343 1786 Quo
353 1742 451 1787 corpora
462 1730 550 1776 tardius
560 1737 694 1790 moventur,
714 1743 741 1777 eo
751 1733 825 1789 magis
836 1733 864 1777 de
878 1731 957 1789 quiete
971 1743 1027 1787 car-

168 1791 270 1846 ticipant.

117 1848 224 1895 Coroll.
243 1851 264 1890 2.
292 1848 314 1893 Si
325 1860 409 1904 corpus
418 1850 437 1893 A
447 1848 518 1905 duplo
529 1848 629 1895 celerius
639 1857 760 1896 moveatur
773 1862 845 1907 quam
860 1860 945 1904 corpus
954 1848 986 1905 B,
1006 1855 1029 1893 et

166 1909 184 1952 B
194 1906 265 1965 duplo
275 1908 350 1954 maius
360 1909 390 1953 sit
399 1921 470 1965 quam
479 1910 505 1966 A,
517 1910 652 1954 tantundem
662 1918 739 1955 motus
749 1909 817 1954 estin
826 1909 844 1953 B
853 1908 946 1965 maiori,
956 1920 1028 1965 quatu

168 1968 191 2010 in
201 1967 219 2010 A
228 1967 325 2025 minori,
345 1979 373 2012 ac
382 1968 480 2025 proinde
490 1968 559 2013 etiam
570 1969 675 2025 aequalis
685 1969 727 2014 vis.

116 2026 223 2072 Coroll.
242 2029 263 2070 ³.
290 2027 367 2072 Motus
377 2040 390 2071 a
401 2027 519 2072 celeritate
529 2028 684 2084 distinguitur.

92 2105 126 2146 ta.
146 2103 224 2159 Quum
234 2103 297 2148 modi
307 2103 406 2149 alicuius
416 2104 521 2158 corporis
526 2105 678 2150 variationem
688 2105 737 2162 pati
746 2110 869 2161 coguntur,
879 2102 920 2149 illa
929 2103 1026 2148 variatio

143 2174 236 2219 semper
245 2162 289 2207 crit
298 2163 407 2220 minima,
426 2175 487 2220 quae
496 2163 546 2208 dari
556 2170 641 2219 potest.

92 2239 126 2280 tt.
146 2237 204 2292 Reg.
216 2240 235 2281 t.
263 2238 286 2283 Si
301 2240 346 2283 duo
362 2251 460 2294 corpora
480 2239 573 2294 (putari
586 2246 609 2285 et
618 2241 645 2293 B)
660 2245 738 2285 essent
750 2239 820 2297 plane
833 2238 956 2296 aequalia,
975 2241 1030 2283 etin

143 2297 256 2342 directum
267 2310 347 2343 sersus
357 2310 382 2342 se
392 2299 491 2342 invicem
501 2310 576 2354 aeque
590 2299 701 2344 velociter
715 2304 876 2356 moverentur3
897 2309 969 2353 quum
983 2298 1029 2343 sibi

144 2361 226 2400 mutuo
236 2363 373 2415 occurrunt,
393 2363 519 2413 utrumque
529 2357 553 2401 in
563 2359 704 2406 contrariam
718 2364 808 2414 partem
823 2357 956 2403 rellectetur
965 2356 1029 2402 nulla

144 2426 201 2459 suae
212 2415 338 2461 celeritatis
348 2423 414 2472 parte
423 2416 519 2461 amissa.

95 2491 128 2532 tt.
147 2489 206 2545 neg.
216 2494 237 2535 2.
265 2492 287 2537 Si
299 2492 362 2538 mole
372 2498 450 2537 esseut
459 2491 604 2550 inaequalia,
622 2491 735 2549 liuempe
748 2493 824 2539 maius
838 2504 911 2550 quam
924 2493 955 2550 A,
975 2503 1030 2536 cao-

146 2551 202 2594 teris
212 2556 238 2594 ut
246 2552 310 2606 prius
320 2552 415 2608 positis,
435 2558 490 2595 tunc
499 2552 576 2596 solum
584 2554 604 2597 A
613 2551 758 2608 reflectetur,
777 2558 801 2598 et
812 2558 939 2608 utrumque
949 2552 1031 2596 eadem

146 2607 265 2654 celeritate
275 2617 354 2666 perget
364 2610 460 2655 moveri.

96 2684 129 2727 te.
150 2683 173 2728 Si
183 2684 245 2730 mole
260 2691 284 2730 et
297 2685 416 2731 celeritate
430 2686 477 2731 sint
489 2686 636 2746 inaequalia,
654 2687 672 2731 ll
687 2700 770 2744 nempe
784 2686 855 2744 duplo
869 2689 946 2734 maius
961 2694 1032 2743 quam

144 2744 177 2798 A,
196 2750 273 2790 motus
292 2757 346 2790 vero
360 2745 384 2788 iu
397 2746 417 2789 Δ
430 2745 500 2800 duplo
514 2746 625 2800 celerior,
644 2758 714 2804 quam
730 2749 752 2791 in
765 2746 796 2802 B,
816 2747 913 2793 caeteris
928 2754 954 2792 ut
967 2745 1032 2802 prius

146 2802 241 2859 positis,
261 2804 332 2848 ambo
342 2804 366 2848 iu
379 2805 520 2849 contrariam
534 2812 625 2863 partem
638 2805 786 2851 reflectentur
798 2817 942 2864 unoquoque
955 2816 1032 2860 suam,

147 2874 218 2919 quam
229 2861 361 2919 habebant,
380 2863 524 2908 celeritatem
533 2865 656 2910 retinente.

123 2919 229 2966 toron.
253 2922 421 2968 lietermiuatio
430 2923 500 2968 unius
510 2924 615 2980 corporis
624 2922 747 2981 aequalem
756 2924 803 2970 vim
812 2924 912 2982 requirit
919 2930 946 2969 ut
954 2929 1032 2970 mute·

174 2984 223 3036 tur,
244 2992 315 3038 quam
326 2988 412 3027 motus.

11 3085 16 3091 -
97 3059 130 3100 m.
151 3055 239 3111 Regu.
268 3055 291 3102 st
311 3056 373 3103 mole
391 3057 439 3102 siut
455 3057 577 3115 aequalis,
595 3057 668 3103 sedB
687 3057 776 3104 tantillo
795 3058 894 3106 celerius
913 3065 1035 3105 moveatur

80 3133 83 3138 ’
145 3116 256 3175 quamn,
277 3127 325 3162 non
336 3121 425 3165 unium
434 3117 452 3164 A
462 3118 486 3165 in
497 3117 638 3166 contrariam
647 3123 738 3176 partam
746 3117 895 3171 reflectatur,
911 3118 1034 3164 sedetiam

322 3350 376 3357 *-
