2266 3406
392 173 514 221 utilitia!
534 173 722 217 amaranto.
1006 173 1024 229 5

87 353 178 419 etipse
187 347 481 409 revendamonstrarit,
500 347 674 422 domuimus,
694 349 739 413 qni
752 347 824 398 illius
837 348 940 414 seriptis
955 364 1024 403 nun-

85 428 242 494 quamsatis
250 424 386 479 laudandis
393 425 510 477 animum
520 423 611 475 sedulo
619 423 807 491 applicuerunt,
816 424 875 475 luce
883 424 1024 479 meridiana

85 505 184 558 elarius
192 509 307 570 apparet

138 582 175 632 lit
184 579 302 644 quamvis
309 577 466 631 nobilissimi
475 582 552 641 atque
565 577 773 643 incomparabilis
781 576 860 628 huius
871 578 917 628 viri
931 579 1024 646 scripta

85 655 269 725 philosophica
283 654 490 707 mathematicam
509 652 700 705 demonstrandi
717 654 842 705 rationem
860 667 889 704 ac
908 654 1024 706 ordinem

87 736 252 793 coadunant,
271 747 323 784 non
340 738 427 783 umen
444 731 494 782 ista
513 732 645 781 communi
658 745 688 782 ae
701 731 728 780 in
741 729 875 781 elementis
892 730 1025 783 Euclideis

87 811 248 874 nectensque
256 809 395 874 geometris
404 808 511 868 usitata,
531 821 582 871 qua
595 820 689 872 nempe
702 807 852 872 praemissis
866 805 1025 860 definitioni-

87 886 154 949 bus,
178 885 315 952 postulatis
333 891 409 950 atqua
427 882 596 935 axiomatibus
612 884 801 949 propositiones
820 897 959 949 earumque
977 884 1025 935 de-

88 963 289 1015 monstrationes
306 959 513 1025 subiunguntur,
533 966 630 1010 exarata
647 964 720 1019 sunt;
745 958 792 1010 scd
806 959 855 1010 alia
868 961 980 1012 multum
992 960 1024 1013 ab

87 1039 137 1090 bac
146 1038 259 1101 diversa,
279 1051 358 1103 qnam
370 1038 427 1102 ipse
440 1042 466 1087 ct
476 1050 562 1088 reram
576 1036 749 1101 optimamque
763 1035 795 1086 ad
805 1035 951 1088 docendum
959 1038 1024 1090 riam

88 1121 116 1166 et
133 1114 324 1183 analyticam
340 1119 421 1165 vocat.
457 1112 592 1179 Duplioem
606 1112 715 1162 enimin
730 1109 780 1162 fine
798 1114 1026 1178 responsionis

87 1190 128 1242 ad
143 1191 303 1243 secundas
320 1188 523 1241 obiectiones
541 1188 683 1256 apodictica
696 1187 888 1239 demonstrandi
901 1190 1024 1241 rationem

88 1265 248 1332 agnoscit‘)‚
258 1280 338 1318 unam
348 1280 394 1332 per
405 1265 567 1332 analysin,
587 1279 752 1330 quaeoeram
762 1265 963 1330 viamoatendit,
975 1282 1026 1332 per

87 1359 170 1409 quam
177 1360 221 1394 ree
229 1343 375 1394 methodica
385 1348 412 1392 et
419 1347 546 1407 tanquam
555 1358 572 1392 a
579 1343 667 1407 priori
674 1343 779 1391 incenia
790 1346 830 1391 eat
839 1348 899 1402 eto,
920 1341 1025 1393 alteram

87 1419 338 1485 parenthesin,
357 1433 426 1484 quae
442 1421 529 1470 utitur
546 1419 627 1482 longa
645 1417 840 1482 definitionum,
856 1419 1024 1483 petitionum,

87 1498 270 1560 automatum,
299 1497 490 1547 theorematum
512 1500 540 1545 et
556 1493 751 1562 problematum
767 1495 850 1557 serie,
873 1499 905 1544 ut
920 1498 945 1544 ai
962 1496 1028 1562 quid

86 1575 142 1638 ipsi
155 1588 192 1623 ea
205 1573 421 1638 comaquerdibua
431 1576 560 1636 negetur,
579 1570 609 1620 id
622 1572 651 1619 ia
668 1570 879 1621 antecedentibus
897 1572 1027 1622 contineri

87 1648 325 1711 danmoniorum,
344 1651 433 1714 sicque
443 1664 460 1698 a
470 1649 566 1699 lectore
575 1650 742 1712 quantumvis
749 1653 914 1713 repugnante
924 1663 955 1697 aa
965 1664 1024 1715 per·

89 1726 176 1776 manci
184 1727 358 1777 macarianam
367 1729 527 1790 extorqueat
534 1729 582 1774 cto.

140 1802 324 1853 Verumtamen
338 1801 399 1853 licet
411 1802 439 1853 in
452 1807 561 1865 utraque
575 1798 767 1851 demonstrandi
781 1800 879 1852 ratione
889 1801 1025 1862 certitudo,

88 1891 157 1943 quae
167 1884 235 1929 cxtra
244 1891 347 1929 omnem
356 1877 524 1929 dubitationis
538 1876 619 1926 aleam
633 1877 716 1942 posita
730 1883 782 1938 est,
801 1877 955 1943 reperiatur,
974 1892 1026 1929 uon

88 1953 214 2005 omnibns
231 1960 339 2018 utraque
356 1967 438 2019 aeque
455 1953 526 2004 utilis
545 1959 621 2018 atque
640 1952 776 2004 commoda
789 1953 881 2004 existit.
917 1952 1027 2004 Plurimi

88 2029 407 2082 onimmatbcmaticarnm
417 2029 582 2080 scientiarum
591 2029 666 2096 plane
676 2028 767 2090 rudes,
788 2029 903 2094 adeoque
912 2028 1026 2081 methodi

89 2105 628 2174 quaillaeconscriptaesuntsyntheticae,
648 2104 1027 2172 etqnainventaesuntanaly-

88 2184 156 2234 ticae
173 2197 279 2249 prorsus
292 2185 387 2250 ignari,
406 2198 461 2245 res,
481 2196 547 2248 quae
563 2180 644 2233 bisin
657 2181 732 2234 libris
745 2187 944 2248 pertractantur,
963 2196 1027 2250 apo-

89 2259 184 2310 dictica
197 2258 384 2312 demonstratas
398 2274 445 2311 nec
459 2258 564 2311 sibimet
576 2259 641 2325 ipsis
655 2260 758 2323 assequi
772 2272 820 2309 nec
838 2258 895 2309 aliis
909 2257 1027 2311 exhibere

88 2341 200 2400 queunt.
236 2336 311 2387 Unde
326 2335 437 2398 iactum,
456 2344 486 2386 ut
499 2336 587 2398 multi,
607 2336 652 2400 qui
669 2341 802 2386 antenaco
816 2334 915 2401 impetu
928 2334 1026 2402 abrepti

88 2416 134 2462 aut
144 2411 411 2464 aliorumauatoritate
421 2412 492 2462 ducti
501 2413 614 2464 Certosio
627 2425 722 2462 nomen
736 2410 875 2472 dederunt,
895 2412 951 2463 eius
965 2425 1027 2462 sen-

88 2488 197 2539 tentiam
207 2495 284 2554 atque
293 2489 411 2554 dogmata
424 2488 602 2540 tantummodo
616 2488 754 2540 memoriae
767 2487 966 2553 impresserunt,
987 2495 1027 2538 at-

89 2577 143 2628 que
152 2563 199 2617 ubi
208 2564 241 2616 de
249 2565 283 2616 iis
292 2579 377 2617 sermo
385 2565 490 2626 incidit,
510 2564 595 2616 solum
609 2565 709 2616 effutire
718 2563 851 2628 multaque
861 2563 893 2615 de
902 2564 959 2628 istis
968 2579 1028 2629 gar-

88 2640 155 2702 rire,
174 2641 240 2693 nibil
249 2647 335 2693 autem
345 2641 519 2693 demonstrare
528 2642 624 2704 sciant,
645 2640 935 2706 quemadmodumolim
946 2639 1028 2691 luitet

87 2716 175 2768 adbuc
196 2717 477 2784 bodie'Peripatetioac
503 2717 680 2786 philosophiae
702 2715 813 2768 addictis
836 2716 952 2769 solemne
978 2723 1027 2768 est.

88 2829 260 2843 m

139 2893 160 2944 ⁸)
178 2892 230 2937 vin.
248 2892 352 2938 lienati
371 2893 420 2938 des
439 2894 539 2940 cartes
557 2893 719 2938 meditationes
738 2891 856 2946 deprime
870 2890 1026 2948 philosophia,

88 2953 113 2996 in
133 2951 220 3008 quibua
238 2951 282 2996 liei
301 2952 423 2996 existentia
441 2959 465 2997 et
476 2954 568 2998 animae
582 2953 699 2996 humanae
713 2961 727 2993 a
742 2961 839 3005 corpore
853 2950 970 2997 distinctio
985 2947 1027 2992 de-

88 3017 258 3056 monstrantur.
286 3011 328 3056 llis
338 3011 461 3056 adiunctae
470 3018 525 3057 aunt
537 3011 615 3055 variae
629 3008 773 3054 abiectiones
788 3009 910 3053 doctorum
924 3008 1027 3051 virorum

88 3072 113 3115 in
121 3070 179 3116 ictas
188 3070 220 3115 de
229 3070 280 3114 lieo
290 3075 314 3116 et
326 3070 404 3115 anima
419 3069 628 3116 demonstrationes
642 3078 698 3113 cunt
710 3066 902 3123 responsionibus
916 3067 1028 3111 auctoris,

86 3121 185 3168 amomi
194 3122 253 3164 tata,
274 3120 293 3165 4.
309 3131 335 3176 p.
346 3121 378 3164 97.
