2266 3406
156 192 195 248 18
521 195 716 243 nnnnntcts

165 370 186 412 t.
212 368 329 415 Possibils
338 374 361 413 at
369 368 505 423 contingens
515 379 562 413 non
571 379 624 413 esse
633 379 712 412 rerum
722 366 866 413 anecnones.

166 428 187 471 t.
215 428 274 484 Quid
285 429 315 471 sit
332 425 457 484 possibile,
476 427 532 483 quid
550 426 694 482 contingens.

165 487 185 530 t.
212 485 329 533 Pessibile
340 491 363 530 et
372 486 506 540 contingens
516 497 568 530 esse
578 491 667 529 tantum
677 484 782 530 deiectus
792 486 864 532 nostri
874 485 1015 535 intellectus.

153 548 186 590 1⁰.
214 544 405 590 Conciliationem
415 543 530 588 libertatis
540 544 612 589 nostri
622 543 712 589 arbitrii
727 550 750 589 et
763 545 971 600 praeordinationis
982 549 1024 593 Dei
1041 551 1086 595 hu-

212 615 308 649 manum
318 609 412 659 captum
422 614 541 659 superare.

237 686 345 733 ΜΝ.
372 687 407 731 De
425 687 619 738 aeternitate,
642 686 800 731 duratione
818 692 842 730 et
859 692 999 744 tempore.

167 757 188 799 t.
215 755 276 811 Quid
285 755 316 801 sit
325 756 458 802 aeternitas.

164 816 185 858 2.
213 813 274 868 Quid
283 814 383 859 duratio.

163 875 184 917 s.
212 873 273 929 Quid
283 879 383 931 tempus.

333 957 393 1004 Gar.
403 959 430 1004 V.
456 957 491 1002 De
508 957 710 1015 oppositione,
731 959 833 1002 ordina
852 962 896 1002 ete.

154 1024 217 1096 Quid
232 1025 420 1130 ainttuoppttiositim
440 1028 511 1086 ordo,
529 1027 701 1083 convenientia,
720 1027 854 1082 diversitas,
873 1027 1019 1081 subiectum,
1043 1031 1086 1074 ad-

210 1097 265 1130 rune
292 1098 338 1131 me
364 1103 381 1131 .·

376 1169 436 1216 Car,
450 1169 489 1214 VI.
515 1167 550 1212 De
567 1181 635 1220 uno,
653 1181 720 1212 cero
739 1175 763 1213 et
780 1170 859 1214 deuo.

164 1241 184 1279 1.
211 1238 271 1294 Quid
280 1239 311 1284 sit
320 1238 405 1283 unitas.

164 1299 185 1341 2.
212 1298 273 1354 Quid
287 1298 318 1343 sit
331 1297 470 1353 multitudo,
488 1302 512 1342 et
525 1308 572 1354 quo
586 1301 695 1354 respectu
704 1295 767 1343 Dens
778 1298 823 1342 dici
837 1297 912 1355 possit
924 1309 985 1345 unns
1000 1306 1024 1344 et
1037 1312 1085 1357 quo

210 1357 419 1413 respectuunicus.
472 1385 476 1395 ι

163 1417 183 1459 3.
212 1416 273 1472 Quid
282 1416 313 1461 sit
321 1427 415 1474 verum,
433 1415 489 1472 quid
499 1415 586 1461 falsum
599 1416 647 1461 tarsi
660 1415 724 1473 apud
737 1414 831 1472 vulgum
845 1426 916 1472 quam
930 1417 993 1473 apud
1007 1417 1086 1474 philo-

215 1475 310 1530 sophos.

162 1536 183 1578 4.
210 1535 295 1579 Verum
305 1545 353 1579 non
362 1546 414 1579 esse
423 1534 548 1579 terminum
558 1532 791 1580 transcendentalem.

164 1594 185 1637 t.
212 1593 301 1638 Veritas
311 1598 335 1638 et
342 1604 397 1639 vera
407 1594 458 1639 idea
469 1594 586 1650 quomodo
596 1593 711 1638 differant.

163 1653 183 1695 6.
211 1653 333 1709 Quaenam
351 1653 398 1698 sint
419 1653 573 1708 proprietates
592 1652 708 1699 ueritatis.
743 1651 907 1698 certitudinem
927 1664 973 1698 non
991 1666 1044 1700 esse
1063 1654 1085 1698 in

216 1712 295 1757 rebus.

163 1771 185 1813 t.
212 1771 302 1815 Bonum
312 1776 336 1815 et
344 1768 432 1815 maium
441 1776 531 1816 tantum
542 1771 587 1817 dici
597 1771 733 1828 respective.

161 1830 183 1873 8.
210 1829 288 1885 Quare
298 1829 370 1887 aliqui
381 1830 469 1875 honum
479 1831 664 1887 metaphysicum
673 1836 811 1876 statuerunt.

161 1888 183 1932 t.
210 1889 256 1934 lies
266 1894 289 1934 et
303 1896 413 1947 conatus,
432 1902 479 1946 quo
493 1901 531 1936 res
545 1891 568 1935 in
582 1896 645 1936 statu
657 1903 701 1936 suo
714 1900 864 1947 perseverare
878 1896 1005 1949 conantur,
1023 1903 1085 1949 qno-

202 1948 460 2004 mododistinpuantur.
697 1958 704 1977 ⁸

151 2007 184 2050 10.
210 2006 246 2051 An
254 2006 317 2051 Deus
327 2013 381 2052 ante
390 2020 428 2053 res
438 2014 528 2054 creatas
538 2009 583 2054 dici
593 2009 667 2065 possit
676 2008 761 2055 bonus.

151 2067 184 2110 tt.
211 2066 345 2112 Perfectum
355 2068 472 2125 quomodo
482 2069 574 2114 dicatur
582 2069 722 2127 respective,
740 2069 859 2127 quomodo
869 2067 984 2116 absolute.

523 2187 635 2241 PARS
669 2191 710 2242 11.

430 2270 491 2317 CAP.
504 2269 524 2316 Ι.
550 2271 584 2315 De
597 2271 641 2315 Dee'
654 2269 801 2317 manicat«.

117 2328 120 2337 ’
162 2338 183 2379 1.
210 2335 498 2384 substantiarumdivisio.

161 2394 183 2438 2
209 2394 260 2440 Deo
270 2395 359 2442 nuliam
370 2397 516 2444 durationem
526 2403 667 2455 competere.

160 2454 183 2498 8.
210 2453 313 2512 Causae,
332 2456 363 2501 ob
373 2468 432 2514 quas
442 2463 549 2504 auctores
558 2457 609 2504 Deo
618 2457 764 2503 durationem
774 2456 911 2504 tribuerunt

161 2513 182 2556 ⁴.
210 2513 271 2570 Quid
280 2515 311 2560 sit
320 2516 454 2562 aeternitas.

452 2583 512 2631 Gan.
522 2583 555 2630 11.
582 2581 616 2628 De
628 2581 723 2627 unitate
731 2582 782 2628 nei.

149 2637 225 2686 Deum
234 2651 286 2687 esse
294 2641 397 2688 unicum.

413 2710 473 2756 Gan.
483 2710 529 2756 111.
555 2709 816 2756 Deimmenee‘tatediee‘.

161 2767 182 2809 1.
209 2766 333 2823 Quomodo
342 2766 507 2817 Deus-dicatur
515 2769 633 2827 infinitus,
652 2772 770 2829 quomodo
780 2771 916 2818 immensus.

160 2825 182 2868 2.
209 2825 270 2880 Quid
279 2826 347 2883 vulgo
357 2840 399 2884 per
408 2828 451 2875 Dei
461 2831 642 2876 immensitatem
651 2830 801 2886 intelligatur.

160 2884 182 2928 t.
208 2885 283 2929 Deum
293 2898 345 2931 esse
354 2887 443 2945 ubique
451 2890 573 2947 probatur.

161 2944 182 2987 d.
209 2943 411 3000 omnipraesentia
421 2947 464 2994 liei
474 2947 584 3005 explicari
594 2948 683 3006 nequit.

161 3003 183 3047 t.
209 3002 252 3049 liei
262 3004 443 3052 immensitatem
453 3021 467 3053 a
476 3008 618 3065 quibusdam
627 3007 697 3053 statui
706 3005 835 3063 triplicem
854 3007 895 3052 sed
904 3007 974 3052 maie.

160 3062 182 3104 ⁶,
208 3062 253 3108 Dei
279 3064 666 3124 otentiamnondistinpuiabeins
676 3066 786 3115 utenda.

152 3119 172 3162 1.
200 3120 252 3167 itse
296 3124 568 3185 usomnipraesentiam.

341 3338 373 3366 A
461 3340 484 3366 h
